3250 4959
381 401 417 456 11.
440 401 486 454 De
506 402 621 456 Carnis
640 402 902 457 Resurrectione
921 404 1035 458 59-60.
1218 408 1279 471 121

132 598 358 662 intestinorum
385 595 530 677 perplexa
553 594 738 678 proceritas,
765 614 838 658 cum
859 596 928 658 esui
948 600 980 660 et
998 599 1088 679 potui
1108 599 1198 664 locus
1221 619 1281 664 nou

132 705 217 770 erit?
246 722 308 786 quo
337 701 520 766 huiusmodi
549 701 689 765 membra
718 701 891 765 admittunt
923 703 1078 787 subigunt
1107 706 1284 772 deuoluunt

132 811 285 876 diuidunt
320 809 469 893 digerunt
505 812 659 891 egerunt?
697 828 758 889 quo
796 810 1035 892 manusipsae
1067 816 1100 876 et
1125 815 1223 895 pedes
1251 821 1284 880 et

133 917 271 1000 operarii
298 917 415 1000 quique
444 921 542 992 artus,
572 933 642 979 curn
672 914 779 980 uictus
809 917 906 980 etiam
935 936 1010 980 eura
1034 921 1191 984 cessabit?
1220 942 1282 1003 quo

103 1045 237 1100 trenes,
262 1023 382 1088 conscii
406 1023 574 1097 seminum,
598 1023 774 1104 etreliqua
797 1023 984 1105 genitalium
1005 1027 1171 1107 utriusque
1191 1048 1283 1094 serris

133 1136 164 1198 et
188 1134 403 1213 conceptuum
424 1130 550 1193 stabula
569 1133 601 1192 et
619 1129 752 1193 uberum
772 1129 888 1208 tontes,
912 1129 1092 1196 discessuro
1112 1135 1283 1198 concubitu

132 1243 164 1302 et
182 1238 253 1302 letu
273 1242 305 1301 et
324 1235 483 1301 educatu?
502 1239 663 1318 postremo
685 1254 746 1317 quo
766 1239 871 1299 totum
892 1255 1015 1318 eorpus,
1036 1240 1140 1302 totum
1161 1240 1284 1304 scilicet

132 1347 345 1408 necaturum?
366 1343 405 1406 ad
423 1343 500 1406 hacc
521 1361 594 1426 ergo
614 1342 864 1424 praestruximus
883 1362 944 1407 non
965 1346 1107 1424 oportere
1127 1347 1283 1412 committi

133 1453 314 1516 futurorum
344 1454 438 1530 atque
466 1449 681 1532 praesentium
711 1449 950 1530 dispositiones,
973 1449 1185 1515 intercessura
1208 1458 1283 1518 tunc

92 1583 114 1616 tu
132 1557 361 1636 demutatione,
389 1559 421 1621 et
448 1575 530 1620 nunc
559 1555 809 1638 superstruimus
839 1554 944 1618 officia
974 1555 1038 1620 ista
1069 1558 1284 1624 membromm

133 1663 383 1728 necessitatibus
407 1663 492 1726 uitae
516 1662 610 1726 huius
636 1681 799 1744 eousque
824 1662 1007 1738 consistere,
1037 1663 1134 1728 donec
1160 1669 1192 1728 et
1214 1666 1284 1746 ipso

133 1772 201 1834 uita
219 1769 432 1833 transferatur
450 1789 468 1833 a
486 1769 720 1854 temporalitate
740 1769 771 1832 in
791 1769 1022 1846 aeternitatem,
1046 1771 1132 1834 sicut
1150 1772 1285 1837 animale

133 1895 252 1959 corpus
275 1877 306 1940 in
331 1877 484 1959 spiritale,
510 1877 584 1940 dum
609 1876 743 1940 mortale
766 1875 856 1940 istud
883 1875 994 1940 induet
1021 1877 1283 1943 inmortalitatem

133 1995 165 2046 et
194 1985 416 2065 corruptiuum
444 1983 533 2048 istud
560 1983 824 2065 incorruptelam:
859 1985 891 2046 et
918 1982 989 2064 ipsa
1017 1988 1124 2048 autem
1152 1985 1286 2050 liberata

94 2113 115 2150 c
133 2096 208 2154 tunc
234 2091 304 2153 uita
328 2109 346 2153 a
369 2090 614 2154 necessitatibus
639 2090 858 2154 liberabuntur
881 2093 913 2152 et
931 2091 1073 2154 membra
1096 2091 1134 2155 ab
1160 2093 1284 2171 officiis,

133 2215 189 2260 nec
209 2197 283 2261 ideo
303 2216 365 2261 non
385 2200 476 2260 erunt
490 2197 674 2261 necessaria.
693 2197 770 2260 licet
790 2197 872 2259 enim
894 2195 1007 2260 officiis
1027 2197 1210 2276 liberentur,
1231 2200 1286 2264 sed

134 2303 264 2368 iudiciis
287 2304 471 2381 retinentur,
495 2305 722 2386 utquisque
751 2303 893 2367 referat
919 2323 985 2385 per
1012 2323 1149 2387 corpus
1173 2312 1285 2388 prout

136 2409 271 2491 gessit.
304 2409 429 2472 saluum
464 2409 547 2473 enim
580 2408 739 2474 bominem
773 2408 914 2471 tribunal
947 2408 998 2472 dei
1022 2410 1134 2494 exigit;
1160 2415 1285 2478 saluum

134 2535 209 2580 uero
242 2516 311 2578 sine
339 2517 489 2582 membris
522 2535 583 2579 non
616 2516 692 2579 licet
727 2534 806 2594 esse,
842 2534 878 2578 eu
910 2534 1045 2597 quorum
1076 2537 1137 2582 non
1171 2520 1285 2585 officiis

96 2647 119 2681 20
137 2622 190 2686 sed
215 2622 409 2686 substantiis
434 2625 569 2700 constat,
594 2623 655 2686 nisi
679 2622 759 2686 forte
784 2626 817 2686 et
842 2641 954 2686 nauem
984 2623 1052 2687 sine
1076 2625 1190 2703 carina,
1219 2627 1286 2691 siue

135 2747 236 2808 prora,
264 2731 330 2793 sine
354 2730 463 2812 puppi,
488 2730 553 2794 sine
579 2729 775 2812 compaginis
799 2729 899 2792 totius
922 2729 1140 2795 incolomitate
1164 2734 1285 2797 saluam

137 2835 353 2900 adseuerabis.
383 2839 415 2900 et
442 2839 546 2902 tamen
580 2855 693 2900 nauem
728 2835 867 2917 procella
899 2835 1085 2918 dissipatam
1119 2840 1172 2902 uel
1204 2841 1286 2903 carie

137 2942 327 3007 dissolutam
364 2943 501 3008 redactis
535 2948 566 3007 et
598 2943 752 3007 recuratis
791 2943 938 3006 omuibus
970 2944 1122 3008 membris
1156 2945 1286 3009 eandem

137 3069 228 3132 saepe
259 3052 492 3133 conspeximus,
518 3051 613 3114 etiarn
642 3050 736 3114 titulo
765 3049 979 3113 restitutionis
1012 3051 1215 3132 gloriantem:
1249 3054 1287 3116 de

98 3155 186 3218 rodei
215 3155 350 3220 artificio
379 3162 411 3221 et
443 3158 572 3221 arbitrio
607 3163 638 3221 et
670 3157 737 3220 iure
771 3160 977 3238 torquemur?
1011 3177 1102 3238 porro
1136 3160 1163 3223 si
1197 3158 1286 3223 diues

138 3261 284 3326 domiuus
308 3269 340 3327 et
363 3264 503 3328 liberalis
527 3263 666 3327 adfectui
690 3266 744 3327 aut
768 3263 887 3346 gloriae
907 3282 982 3326 suae
1001 3269 1165 3344 praestans
1185 3266 1285 3329 solam

138 3367 226 3433 nauis
254 3370 488 3434 restitutionem
514 3371 667 3434 hactenus
692 3387 758 3432 eam
785 3369 925 3433 uoluerit
949 3371 1079 3451 operari,
1108 3371 1226 3436 idcirco
1249 3377 1286 3434 tu

139 3475 268 3558 negabis
291 3477 504 3540 necessariam
523 3477 572 3540 illi
593 3475 810 3560 compaginem
831 3476 1007 3558 pristinam,
1030 3481 1066 3540 ut
1090 3478 1199 3542 exinde
1222 3477 1286 3542 iam

138 3584 333 3659 uacaturam,
363 3603 435 3647 curn
465 3583 525 3647 soli
554 3583 651 3647 saluti
680 3583 768 3646 nauis
798 3584 866 3646 sine
891 3584 1072 3664 operatione
1096 3584 1285 3648 conueniat?

227 3741 271 3807 13]
292 3739 325 3792 cs.
345 3739 358 3793 1
378 3739 437 3794 Cor.
458 3740 500 3802 15,
520 3743 563 3795 53.
619 3742 663 3809 17]
683 3740 709 3793 11
731 3743 790 3796 t'ur.
812 3743 837 3805 5,
859 3741 899 3794 10.

174 3843 359 3912 lperlexaF
411 3848 577 3900 boensensu
597 3847 730 3898 seminum
745 3845 774 3897 F
827 3847 997 3915 Gconceptu
1016 3847 1113 3900 nonF
1182 3847 1284 3901 disces-

141 3945 198 3982 suro
217 3932 278 3994 PF,
298 3931 455 3987 descensuro
474 3934 516 4002 M,
536 3933 679 3987 decessuro
701 3934 752 3987 Gel
818 3935 850 3987 13
869 3934 965 3987 induet
983 3935 1069 3987 Pam:
1088 3934 1178 3987 induit
1195 3936 1287 3988 PMF

143 4019 172 4070 15
188 4037 224 4082 ιιι]
241 4021 452 4076 necessitatibus
475 4023 510 4088 B,
529 4023 738 4076 necessitatibus
761 4023 853 4075 PMF
908 4024 940 4076 17
964 4024 1114 4076 retinentur
1132 4038 1171 4076 cre
1190 4042 1223 4077 ex
1242 4025 1284 4092 de)

140 4107 174 4160 M
243 4111 357 4179 quisque
375 4109 516 4164 Oebtence:
536 4113 595 4180 quis
615 4111 704 4166 PMF
767 4114 799 4165 19
819 4130 873 4164 non
892 4111 958 4164 licet
977 4129 1034 4164 esse
1053 4111 1136 4181 amp
1149 4113 1213 4165 cet.-
1231 4131 1284 4166 non

141 4196 203 4250 licet
225 4199 296 4252 euim
320 4199 416 4266 PMF,
441 4217 503 4252 non.
526 4200 589 4253 licet
616 4217 676 4252 eum
699 4201 769 4270 Bmp
824 4202 859 4253 21
883 4212 911 4254 et
936 4202 1052 4254 carinam
1077 4201 1236 4254 dissolutam
1263 4203 1286 4254 ζ·1

142 4287 173 4338 ’27
192 4291 221 4340 tu
243 4287 307 4342 Ger:
325 4293 391 4341 tunc
409 4288 504 4357 PMF,
524 4293 589 4342 tune
609 4289 673 4359 Eup
