3250 4959
354 427 415 489 166
579 422 696 487 Quinti
716 424 858 493 Septimi
877 422 1049 477 Florentis
1068 422 1272 475 Tertulliani

352 620 486 683 stantiae
507 621 667 705 deputare,
688 641 758 687 cum
779 620 982 687 snbstantiua
1000 638 1049 685 res
1070 620 1203 696 nonsit,
1224 622 1298 701 qnia
1315 638 1372 687 nec
1393 639 1512 703 corpo·

351 727 438 803 ralis,
467 727 523 791 sed
546 728 703 803 accidens,
732 728 760 792 si
783 728 874 809 sorte,
905 726 1102 791 substantiae
1132 730 1163 790 et
1187 729 1319 811 corpori,
1348 730 1386 792 ut
1413 734 1511 791 actus

352 837 385 895 et
403 834 527 916 pulsus,
552 838 589 899 ut
606 836 716 917 lapsus
740 838 773 899 et
796 852 900 912 casus,
919 834 963 897 ita
989 837 1021 896 et
1043 836 1159 898 motus.
1183 854 1255 898 nam
1275 836 1344 899 siue
1362 834 1424 917 <ab
1447 833 1511 897 alio

353 940 479 1022 siue>a
507 940 680 1024 semetipso
705 941 781 1023 qnid
806 945 964 1015 mouetur,
993 942 1084 1003 actus
1109 940 1177 1004 eius
1202 945 1252 1005 est
1273 946 1393 1015 motus,
1422 947 1512 1004 certe

352 1066 425 1129 pars
453 1047 650 1111 substantiae
678 1066 739 1111 non
768 1050 827 1125 est,
858 1046 942 1109 sicut
969 1050 1006 1109 tu
1033 1049 1157 1110 motum
1185 1047 1399 1111 substantiam
1426 1046 1511 1111 facis
1540 1063 1551 1097 ³

353 1154 502 1217 materiae
526 1154 766 1235 incorporalem.
792 1153 898 1218 omnia
922 1152 1055 1233 denique
1079 1157 1249 1219 mouentur
1272 1157 1362 1217 anta
1388 1160 1512 1217 semet-

353 1260 444 1342 ipsis,
477 1265 514 1325 ut
546 1261 704 1338 animalia,
738 1264 793 1325 aut
826 1260 864 1323 ab
894 1259 975 1338 aliis,
1009 1264 1046 1324 ut
1077 1259 1272 1335 inanimalia3
1307 1264 1414 1323 tamen
1453 1280 1511 1323 nec

352 1366 514 1432 bominem
537 1386 594 1431 nec
618 1368 756 1449 lapidem
778 1372 809 1431 et
830 1367 1023 1448 corporalem
1044 1370 1075 1429 et
1094 1366 1323 1448 incorporalem
1348 1367 1511 1432 dicemus.

355 1474 429 1556 quia
449 1479 481 1538 et
500 1492 614 1555 corpus
633 1474 748 1539 habeat
762 1480 794 1539 et
812 1478 947 1549 motum,
968 1474 1023 1538 sed
1042 1493 1136 1537 unam
1158 1474 1306 1539 omnibus
1325 1473 1465 1537 formam
1482 1490 1510 1540 4

354 1581 454 1645 solius
479 1581 722 1663 corporalitate,
747 1601 827 1665 qnae
848 1581 1045 1645 substantiae
1064 1600 1114 1644 res
1139 1584 1199 1643 est.
1223 1580 1250 1643 si
1275 1599 1336 1663 que
1358 1579 1509 1663 incorpo·
1529 1601 1549 1634 n

352 1688 431 1752 ralia
455 1688 500 1751 eis
525 1687 650 1764 adsunt,
679 1691 735 1751 ant
762 1691 853 1751 actus
878 1694 932 1752 aut
955 1687 1119 1769 passiones
1148 1691 1204 1750 aut
1226 1685 1331 1750 officia
1354 1690 1411 1750 aut
1434 1686 1507 1750 libi-

354 1795 444 1859 dines
474 1814 593 1868 eornm,
624 1814 686 1858 non
715 1794 876 1875 portiones
906 1793 1107 1876 deputamus.
1137 1810 1200 1873 quo
1229 1811 1304 1876 ergo
1332 1792 1413 1857 lacit
1434 1812 1508 1874 por.

354 1903 473 1966 tionem
497 1902 646 1965 materiae
669 1900 699 1964 in
720 1903 843 1965 motum
864 1900 1040 1983 disponere,
1066 1900 1119 1982 qui
1143 1918 1203 1963 non
1227 1898 1266 1963 ad
1289 1897 1507 1963 substantiam

354 2009 500 2089 pertinet,
530 2006 584 2071 sed
614 2006 653 2069 ad
681 2007 880 2071 substantiae
908 2005 1075 2071 habitum?
1105 2004 1181 2087 quid
1209 2005 1304 2079 enim,
1337 2006 1364 2069 si
1393 2005 1508 2069 immo·

354 2116 451 2179 bilem
474 2114 651 2197 placuisset
667 2111 727 2177 tibi
745 2112 895 2177 inducere
919 2112 1092 2189 materiam,
1116 2112 1269 2193 numquid
1293 2112 1505 2177 immobilitas
1525 2132 1545 2171 n

355 2221 494 2287 secunda
526 2240 598 2303 pars
631 2221 750 2285 formae
778 2220 963 2284 uideretur?
993 2206 1180 2301 sicitaque
1212 2237 1269 2282 nec
1301 2224 1420 2282 motus.
1449 2217 1505 2281 sed

355 2327 394 2390 de
419 2329 507 2390 motu
533 2329 565 2389 et
588 2324 664 2389 alibi
687 2324 807 2389 licebit.

401 2434 453 2497 37.
479 2432 571 2497 Nunc
596 2432 680 2495 enim
708 2430 801 2496 uideo
826 2435 858 2495 te
883 2431 921 2495 ad
951 2430 1038 2494 illam
1063 2449 1173 2495 rursrrs
1197 2430 1351 2495 rationem
1376 2432 1505 2496 reuerti.

355 2560 435 2622 quae
468 2541 528 2604 tibi
561 2539 641 2603 nibil
678 2540 754 2603 certi
786 2538 966 2602 renuntiare
1004 2538 1178 2602 consueuit.
1217 2556 1288 2600 nam
1326 2536 1411 2600 sicut
1446 2556 1505 2600 nec

355 2648 551 2729 corporalem
574 2664 634 2710 nec
657 2645 885 2730 incorporalem
914 2645 1010 2709 infers
1035 2646 1211 2721 materiam,
1239 2644 1285 2707 ita
1307 2662 1365 2707 nec
1388 2642 1504 2706 bonam
1522 2664 1545 2701 ιι

355 2774 412 2819 nec
444 2754 560 2818 malam
589 2752 717 2836 adlegas
747 2756 779 2816 et
806 2752 937 2835 proinde
966 2750 1310 2835 superargumentans:
1335 2750 1373 2813 ‘si
1397 2750 1506 2825 enim’,

356 2861 471 2942 inquis,
501 2863 597 2924 ‘esset
619 2860 712 2935 bona,
741 2878 821 2942 quae
852 2876 975 2940 semper
1002 2858 1063 2923 hoc
1092 2859 1195 2922 fuerat
1222 2876 1284 2922 non
1313 2856 1508 2920 desideraret

356 2968 621 3050 compositionem
659 2967 724 3030 dei:
763 2966 790 3029 si
830 2972 915 3029 esset
951 2970 1064 3030 natura
1101 2965 1194 3041 mala,
1229 2983 1290 3028 non
1328 2963 1507 3045 accepisset

356 3073 596 3138 translationem
628 3072 659 3135 in
692 3071 819 3149 melius,
857 3091 913 3136 nec
948 3071 1119 3154 quicquam
1153 3069 1395 3153 compositionis
1428 3087 1506 3132 sune

357 3179 567 3263 adplicuisset
589 3179 637 3243 illi
657 3178 745 3256 deus,
771 3179 827 3241 tali
846 3182 972 3255 natura,
991 3178 1024 3241 in
1046 3196 1182 3241 uacuum
1203 3178 1286 3241 enim
1305 3175 1503 3240 laborasset’.
1524 3194 1547 3233 ιι

394 3436 405 3489 l
423 3434 553 3504 deputare
568 3434 615 3502 R³,
630 3434 773 3505 deputaret
786 3434 909 3489 ΡΝΡΕι
982 3434 1136 3504 corporalis.
1152 3434 1200 3488 sed
1213 3434 1298 3505 culpo
1353 3436 1369 3489 3
1385 3438 1413 3489 et
1427 3450 1504 3488 casus

354 3526 464 3593 scripsi:
488 3529 520 3577 ut
542 3540 620 3578 cesus
639 3522 726 3577 PNF
790 3524 848 3576 siue
868 3522 959 3587 PNF,
983 3524 1006 3577 si
1030 3522 1074 3577 nel
1094 3522 1252 3591 Leopoldus
1320 3522 1354 3577 eb
1373 3522 1427 3576 elio
1444 3522 1504 3575 siue

356 3612 457 3666 reddidi
509 3612 607 3682 4quid
625 3612 661 3674 R,
682 3611 753 3682 quod
772 3612 858 3666 PNF
941 3617 1017 3666 actus
1036 3612 1071 3674 R,
1091 3612 1179 3665 lectus
1198 3610 1285 3663 Pron·
1351 3610 1504 3679 bdcuique

356 3726 389 3747 ε
409 3702 539 3770 encraticis,
554 3702 756 3770 retenepieaime
842 3705 890 3755 eut
912 3718 929 3755 a
951 3701 984 3765 P,
1010 3706 1057 3754 aut
1080 3704 1145 3753 uta
1164 3700 1224 3753 NF
1311 3700 1326 3753 7
1346 3697 1504 3753 inanimalia

355 3794 384 3846 in
408 3792 529 3845 anirusta
555 3790 586 3843 F
647 3791 826 3859 Scorporale
851 3796 878 3844 et
905 3790 1073 3859 incorporale
1102 3790 1128 3841 P
1181 3790 1197 3843 9
1226 3788 1359 3843 lacunam
1380 3788 1502 3858 mpnnui:

357 3881 528 3935 uindicamus
551 3886 623 3949 puto
650 3879 834 3948 sacpplendam
891 3880 923 3933 10
946 3878 1127 3949 incorporalia
1148 3876 1197 3941 12³,
1220 3878 1362 3947 incorpora
1383 3876 1504 3931 PNFR¹

358 3974 388 4026 ll
405 3970 543 4034 libidines,
559 3986 650 4025 eorum
665 3970 749 4038 culpo
796 3970 829 4023 16
844 3968 1353 4036 forma=mossamuteriuecj1170,
1368 3971 1406 4021 10
1458 3965 1503 4021 sed

357 4060 390 4114 de
405 4060 440 4123 R,
460 4059 508 4113 sed
522 4059 556 4127 P,
574 4058 639 4113 sede
651 4058 712 4111 NF
766 4058 798 4112 la
816 4059 921 4112 ratitme
936 4058 963 4110 Ρ
1017 4058 1049 4110 19
1064 4058 1206 4112 consueuit
1219 4056 1283 4125 NR,
1297 4056 1440 4111 consuebit
1454 4055 1508 4109 PF

357 4152 391 4205 20
402 4149 484 4202 infers
494 4148 542 4211 Re,
553 4147 636 4201 insert
645 4145 768 4202 ΡΝΙιἪι
814 4148 846 4201 21
864 4146 974 4215 adlegas
990 4151 1019 4200 et
1032 4146 1095 4201 Urs:
1107 4146 1263 4216 adlegasset
1275 4146 1361 4200 PNF
1413 4162 1504 4216 super·

357 4238 556 4308 argumentaris
583 4236 663 4306 Erip:
692 4240 992 4305 superargumentassct
1014 4236 1078 4296 ΡΝ,
1106 4252 1187 4304 super
1214 4238 1375 4305 argumenta
1399 4234 1447 4289 sed
1470 4234 1503 4297 F,

357 4330 632 4397 superargumentans
650 4324 706 4393 Rip
723 4324 852 4378 Oeblerus
906 4325 939 4377 22
959 4326 1050 4393 inquis
1069 4322 1161 4387 RNF,
1180 4323 1300 4393 iniquius
1319 4324 1346 4377 P
