3250 4959
335 414 400 477 436
570 408 687 475 Quinti
706 409 848 479 Septimi
864 409 1036 463 Florentio
1054 408 1258 462 Tertulliani

336 606 401 670 tale
434 605 591 689 sc1iptura
624 605 792 689 significet,
825 606 888 670 nisi
916 606 1019 670 solam
1046 605 1112 669 uim
1141 608 1174 671 et
1200 606 1397 687 potestatem
1426 621 1486 667 ser·

337 712 441 778 monis
461 712 660 777 admirationi
679 712 792 790 fuisse,
812 713 941 777 facilius
960 702 1102 777 ostendit
1119 710 1296 777 secundum
1315 714 1487 776 creatorem

338 819 486 885 docuisse
510 819 613 895 illum,
642 819 802 901 quianon
826 820 967 903 negauit,
997 837 1092 901 quam
1120 818 1275 882 aduersus
1304 820 1487 891 creatorem,

339 926 415 1008 quia
446 946 507 992 non
542 926 748 1011 significauit.
782 929 878 1010 atque
910 928 956 991 ita
988 931 1044 991 ant
1072 926 1141 991 eius
1170 925 1231 990 erit
1256 923 1487 1008 agnoscendas,

337 1034 511 1098 secundnm
532 1052 627 1117 quem
647 1033 767 1113 docuit,
787 1038 843 1099 ant
860 1034 1095 1117 praeuaricator
1109 1032 1311 1108 iudicandus,
1332 1031 1362 1096 si
1382 1050 1489 1095 secun·
1514 1050 1528 1089 s

338 1139 413 1203 dum
442 1160 525 1219 cum,
556 1141 710 1207 aduersus
739 1160 836 1224 quem
862 1144 1002 1219 uenerat,
1031 1139 1149 1204 docuit.
1183 1138 1341 1204 exclamat
1372 1137 1489 1203 ibidem

336 1247 469 1331 spiritus
495 1248 672 1313 daemonis:
697 1248 918 1330 quidnobis
948 1250 985 1311 et
1011 1247 1084 1311 tibi
1113 1249 1181 1323 est,
1205 1246 1314 1311 Iesu?
1346 1243 1488 1309 uenisti

335 1353 492 1437 perdere
511 1374 593 1433 nos;
615 1356 694 1421 scio
714 1356 778 1440 qni
798 1356 863 1433 sis,
883 1359 1039 1420 sanctus
1059 1353 1128 1418 dei.
1143 1354 1195 1418 bic
1215 1372 1275 1436 ego
1294 1371 1358 1416 non
1377 1356 1489 1416 retrac-

335 1462 420 1539 tabo,
459 1480 497 1525 an
532 1465 564 1526 et
595 1463 656 1528 hoc
689 1465 933 1546 cognomentum
973 1460 1174 1544 competierit
1213 1460 1253 1541 ei,
1297 1478 1396 1540 quem
1436 1477 1489 1523 nec

337 1567 501 1633 Christum
534 1571 640 1635 uocari
669 1573 838 1653 oporteret,
868 1570 896 1633 si
924 1588 984 1633 non
1009 1567 1171 1642 creatoris,
1195 1601 1239 1615 -
1263 1565 1342 1630 alibi
1365 1566 1432 1629 iam
1455 1565 1490 1628 de
1505 1580 1527 1621 ι·

336 1675 519 1740 nominibus
538 1676 773 1759 expostulatum
790 1677 841 1741 est
858 1712 902 1723 —
921 1677 955 1739 at
973 1693 1056 1739 nunc
1075 1674 1230 1756 discepto,
1251 1672 1414 1755 quomodo
1433 1674 1490 1737 boc

336 1801 409 1846 eum
437 1782 544 1847 uocari
573 1782 758 1866 cognouerit
787 1781 930 1859 daemon,
963 1782 1052 1846 nulla
1078 1798 1232 1861 umquam
1260 1782 1345 1844 rotro
1374 1780 1490 1844 emissa

337 1888 570 1971 praedicatione
586 1890 616 1952 in
633 1890 723 1954 illum
740 1888 832 1953 adeo
847 1889 956 1972 ignoto
970 1891 1003 1950 et
1016 1888 1097 1953 inid
1111 1886 1266 1969 temporis
1280 1892 1384 1963 muto,
1399 1886 1490 1951 cuine

336 2013 394 2059 neo
419 2000 563 2059 sanctum
588 2014 662 2059 enm
681 1994 853 2060 contestari
872 1994 987 2077 potuit,
1012 1998 1049 2058 ut
1070 1993 1173 2076 ignoti
1191 1992 1320 2076 <at>iam
1343 1992 1410 2077 ipsi
1435 2012 1489 2057 suo

336 2102 479 2165 creatori.
509 2101 585 2182 quid
609 2104 716 2165 autem
739 2099 803 2164 ism
827 2100 892 2164 talc
916 2099 1058 2164 ediderat
1084 2118 1185 2163 nouae
1215 2098 1409 2163 diuinitatis.
1438 2118 1491 2181 per
1504 2115 1527 2155 re

335 2208 421 2290 quod
444 2212 555 2290 posset
578 2206 710 2271 alterius
735 2206 785 2271 dei
809 2209 940 2271 sanctus
958 2205 1125 2289 intellegi?
1147 2209 1274 2270 tantum
1294 2205 1382 2287 quod
1400 2225 1488 2288 syna-

336 2332 452 2397 gogam
475 2314 690 2397 introgressus
711 2318 744 2378 et
763 2333 821 2378 nec
841 2332 985 2378 sermone
1011 2317 1160 2397 operatus
1178 2312 1278 2395 (erat)
1297 2312 1421 2394 aliquid
1440 2312 1488 2376 ad·

336 2438 451 2483 uersus
488 2421 684 2484 creatorem?
723 2420 808 2483 sicut
840 2440 914 2504 ergo
948 2440 1043 2503 quem
1075 2419 1242 2503 ignorabat
1273 2418 1363 2483 nullo
1396 2418 1488 2483 modo

336 2529 461 2608 potarat
476 2525 583 2591 Iesum
599 2530 630 2590 et
644 2530 789 2591 sanctum
806 2526 858 2591 dci
871 2546 1051 2610 agnoscere,
1069 2526 1116 2590 ita
1130 2546 1225 2610 quem
1239 2529 1332 2589 norat
1345 2526 1487 2609 agnouit.

337 2652 410 2696 nam
443 2636 475 2697 et
506 2633 694 2714 prophetam
726 2634 916 2698 meminerat
947 2637 1094 2698 sanctum
1130 2631 1181 2697 dei
1218 2630 1423 2715 praedicasse
1458 2634 1525 2693 ote

335 2739 443 2803 lesum
463 2758 577 2803 nomen
597 2739 718 2804 domini
736 2758 807 2804 esse
822 2740 854 2803 in
869 2740 935 2804 filio
950 2739 1050 2807 Naue.
1068 2740 1147 2803 haec
1161 2742 1194 2803 et
1207 2739 1246 2802 ab
1266 2737 1383 2821 angelo
1403 2756 1486 2801 exce

337 2848 428 2929 perat
455 2846 632 2910 secundum
660 2854 805 2911 nostrum
835 2847 1052 2930 euangelium:
1084 2848 1288 2928 propterea
1321 2844 1422 2926 quod
1453 2844 1487 2909 iu

337 2956 374 3015 te
398 2957 579 3017 nascetur
601 2953 807 3017 uocabitur
830 2956 1013 3029 sanetum,
1038 2951 1148 3017 filius
1173 2951 1244 3029 dei,
1270 2955 1307 3015 et
1329 2950 1486 3015 uocabis

337 3076 467 3122 noman
492 3060 575 3125 eius
599 3060 734 3125 lesum.
763 3059 818 3123 sed
842 3063 875 3123 et
899 3059 1036 3123 habebat
1058 3059 1169 3140 utique
1192 3076 1324 3123 sensum
1348 3057 1486 3141 aliquem

337 3163 514 3230 dominicae
537 3165 754 3249 dispositionis
773 3202 818 3212 -
835 3166 913 3230 licet
932 3166 1063 3229 daemon
1081 3168 1188 3230 tamon
1206 3202 1251 3213 -
1269 3166 1373 3249 magis
1395 3183 1486 3247 quam
1500 3178 1524 3219 1

337 3270 457 3337 alienae
485 3276 517 3337 et
545 3272 685 3337 nondum
713 3273 791 3337 satis
826 3271 980 3355 cognitae.
1013 3292 1086 3336 narn
1119 3276 1151 3336 et
1182 3272 1364 3354 praemisit:
1400 3270 1487 3354 quid

336 3378 449 3443 nobis
475 3382 511 3443 et
534 3379 616 3457 tibi,
641 3378 748 3442 Iesu?
770 3398 832 3443 non
852 3378 943 3460 quasi
962 3380 994 3443 in
1014 3381 1206 3456 extraneum,
1222 3376 1311 3461 (sed)
1329 3377 1370 3441 ad
1394 3396 1486 3461 quem

338 3485 496 3565 pertinent
530 3485 662 3567 spiritus
698 3486 859 3549 creatoris.
901 3504 959 3549 nec
992 3485 1075 3548 enim
1109 3485 1201 3551 dixit:
1244 3483 1332 3566 ‘quid
1364 3484 1425 3548 tibi
1456 3488 1487 3547 et

427 3660 454 3727 7]
475 3658 540 3712 Luc.
559 3660 585 3725 4,
605 3658 648 3711 34.
703 3658 748 3728 20]
769 3658 802 3713 ci.
821 3659 868 3712 Pe.
889 3660 930 3725 15,
953 3660 994 3713 10.
1014 3659 1048 3715 ef.
1068 3661 1127 3712 Act.
1147 3658 1172 3721 2,
1192 3660 1236 3714 27.
1285 3658 1332 3727 21}
1352 3658 1387 3712 ci.
1406 3658 1485 3713 Dent

338 3746 381 3815 28,
402 3748 445 3801 10.
499 3747 738 3815 22]Luo.1,35.
794 3750 841 3817 23]
861 3749 927 3804 Luc.
947 3749 971 3815 1,
992 3748 1036 3801 31.
1090 3748 1136 3817 26]
1156 3747 1221 3803 Luc.
1240 3750 1266 3813 4,
1285 3748 1328 3801 34.

375 3870 602 3925 lsolsmiurnM
642 3871 738 3924 llesu
757 3870 793 3940 R,
813 3870 913 3926 ihnM
951 3874 1037 3925 9uec
1050 3871 1086 3935 R,
1105 3888 1139 3925 nc
1157 3870 1224 3925 MF
1258 3872 1292 3925 10
1306 3871 1484 3939 parenthesin

336 3958 478 4015 indicauit
496 3961 559 4029 ibeo
624 3962 654 4014 ll
675 3960 727 4013 hoc
748 3976 807 4013 eum
826 3958 937 4029 MFR³‚
957 3975 1018 4013 eum
1036 3958 1077 4014 Β1
1147 3962 1177 4013 14
1198 3961 1288 4030 ignoti
1305 3959 1374 4014 Ure:
1391 3961 1484 4029 ignoto

337 4048 401 4103 MR
454 4050 575 4118 <et>iam
594 4049 726 4103 Ure:iam
739 4049 801 4105 MR
856 4067 905 4103 suo
924 4050 1040 4104 creatori
1057 4050 1117 4103 scit.
1136 4050 1279 4104 doemonia
1316 4052 1349 4105 15
1365 4050 1485 4104 ediderat

338 4137 373 4203 R,
393 4136 508 4192 ediderit
527 4138 564 4191 M
616 4140 649 4193 16
669 4143 762 4207 posset
781 4138 823 4202 M,
843 4139 976 4208 possitR
1040 4140 1073 4191 17
1093 4138 1268 4193 cratcddidi
1331 4138 1365 4193 21
1385 4138 1484 4191 domini

337 4226 449 4293 scripsi.-
463 4226 507 4279 dei
521 4226 583 4279 MR
637 4226 670 4279 27
685 4227 748 4280 lesu
763 4228 794 4281 in
809 4226 872 4281 MR
880 4233 946 4295 post
960 4230 1114 4280 amaneum
1129 4226 1264 4281 tadicum
1277 4227 1331 4281 bac
1343 4226 1484 4282 bandulit

338 4314 411 4380 Iton
429 4314 537 4368 intioria
555 4316 678 4383 reposuit
700 4314 830 4369 Oeblerura
901 4314 950 4370 scd
969 4315 1035 4369 odd.
1053 4316 1112 4369 Iao
