3250 4959
387 415 438 469 111.
459 416 623 470 Aduersus
643 417 881 486 Hermogenem
902 419 980 471 5-7.
1195 405 1258 485 133

120 607 260 686 extendit,
290 609 328 672 de
357 627 418 691 qua
446 613 478 672 et
506 609 654 675 extendit.
689 630 759 675 cum
794 613 942 695 proponit
970 614 1060 678 saluo
1093 613 1144 679 dei
1171 618 1258 679 statu

119 715 211 778 fuisse
235 715 412 792 materiam,
436 715 510 781 uide
530 736 568 781 ue
587 718 737 783 reddatur
755 739 772 782 a
792 719 883 783 nobis
906 719 1036 800 proinde
1057 721 1147 786 saluo
1171 724 1259 786 statu

119 821 262 886 materiae
286 821 387 886 luisse
412 823 515 888 deum.
540 826 719 890 communis
742 829 848 890 tamen
872 829 976 891 status
1001 827 1175 892 amborum.
1200 827 1258 892 sal-

120 949 188 993 uum
213 949 289 1014 ergo
314 931 374 994 erit
402 934 434 994 et
460 933 619 1010 materiae,
643 936 680 998 ut
703 937 735 997 et
757 933 830 1016 ipsa
852 933 952 1017 (sola)
974 935 1080 1011 tuerit,
1106 935 1161 1000 sed
1186 954 1258 1000 cum

93 1035 181 1112 adeo,
210 1037 285 1119 quia
313 1040 346 1101 et
373 1037 451 1100 dens
480 1039 579 1112 solus,
609 1038 665 1104 sed
693 1057 765 1104 cum
799 1039 866 1115 illa,
895 1041 1024 1122 etipsa
1052 1041 1152 1124 prima
1185 1061 1258 1106 cum

121 1143 182 1218 deo,
207 1144 283 1226 quia
302 1147 335 1208 et
353 1143 432 1210 dene
450 1145 573 1228 primus
594 1165 665 1210 cum
685 1147 750 1222 illa,
775 1147 833 1211 sed
857 1151 889 1212 et
911 1149 981 1230 ipsa
1002 1147 1259 1231 incomparabilis

120 1268 185 1314 oum
213 1251 284 1324 deo,
314 1251 388 1332 quia
407 1232 447 1316 'et
476 1251 554 1317 deus
583 1253 841 1336 incomporabilis
871 1273 943 1319 cum
972 1254 1038 1331 illa,
1072 1259 1104 1320 et
1140 1255 1259 1321 auctrix

120 1375 185 1420 cum
209 1357 267 1421 deo
294 1359 326 1421 et
349 1357 476 1422 domina
500 1377 571 1422 cum
596 1360 664 1424 deo.
688 1361 735 1425 sic
755 1361 876 1441 aliquid
900 1367 931 1425 et
950 1380 1010 1424 non
1034 1365 1137 1425 totum
1162 1363 1259 1425 mate·

119 1465 176 1527 riae
200 1465 316 1531 habere
341 1481 391 1526 aa
420 1467 466 1532 ita
492 1465 541 1530 illi
570 1465 648 1530 nihil
676 1467 807 1549 reliquit
830 1467 1059 1551 Hermogenes,
1087 1467 1172 1550 quod
1198 1486 1259 1531 non

85 1583 104 1620 ¹⁰
122 1575 150 1635 et
170 1575 320 1639 materiae
344 1575 544 1648 contulisset,
568 1579 688 1638 utnon
712 1575 846 1638 materia
868 1575 937 1650 deo,
966 1574 1023 1638 sed
1051 1574 1128 1638 deus
1152 1574 1259 1657 potius

120 1681 260 1744 materiae
286 1684 496 1764 comparetur.
531 1685 626 1763 atque
650 1681 726 1746 adeo
752 1701 825 1746 cum
849 1701 896 1757 ea,
920 1681 1034 1764 (quae)
1061 1681 1187 1764 propria
1210 1679 1259 1744 dei

120 1783 325 1852 uindicamus:
356 1805 482 1869 semper
508 1786 620 1864 fuisso,
649 1787 716 1851 eine
743 1787 835 1852 initio
864 1787 932 1852 siue
958 1787 1030 1863 fine,
1064 1791 1097 1852 et
1122 1787 1258 1869 primum

120 1891 222 1971 luisse,
243 1897 276 1957 et
295 1894 411 1968 solum,
431 1897 463 1958 et
478 1893 618 1958 omnium
635 1898 806 1964 auctorem.
826 1895 976 1959 materiae
996 1914 1122 1977 quoque
1137 1913 1260 1975 compe-

121 1999 189 2076 tant,
222 2019 352 2081 quaero,
376 1999 452 2082 quid
484 2000 645 2065 diuersum
680 2005 712 2065 et
745 2002 884 2066 alienum
913 2020 931 2064 a
958 2001 1016 2066 deo
1045 2017 1082 2064 ac
1113 2020 1170 2084 per
1201 1999 1260 2064 hoc

86 2115 106 2152 ¹⁵
121 2104 272 2184 priuatam
299 2107 431 2170 materia
450 2105 637 2188 possederit,
661 2126 717 2190 per
741 2106 826 2191 quod
846 2106 903 2171 deo
923 2126 984 2171 non
1004 2109 1260 2188 compararetur?

121 2208 147 2272 in
174 2231 234 2294 qua
261 2212 323 2295 (si)
352 2212 455 2278 omnia
479 2213 528 2277 dei
553 2214 678 2296 propria
701 2218 916 2291 recensentur,
941 2214 1019 2278 satis
1044 2212 1261 2298 praeiudicant

122 2315 154 2379 de
175 2318 298 2403 reliqua
320 2320 564 2401 comparatione.

161 2425 187 2489 7.
212 2424 243 2490 Si
267 2425 423 2490 minorem
447 2431 479 2491 et
496 2427 675 2492 inferiorem
701 2427 866 2492 materiam
887 2426 944 2492 deo
964 2429 997 2491 et
1019 2426 1135 2491 idcirco
1160 2426 1260 2490 diuer-

123 2546 181 2592 aam
205 2533 242 2596 ab
264 2552 302 2596 eo
323 2532 490 2597 etidcirco
509 2533 790 2616 incomparabilem
809 2533 857 2597 illi
882 2533 1055 2607 contendit,
1078 2535 1116 2595 ut
1139 2533 1261 2609 maiori,

88 2641 155 2698 nm
181 2639 348 2720 superiori,
377 2639 555 2721 praescribo
590 2659 650 2704 non
680 2659 790 2724 capere
823 2640 922 2704 ullam
955 2639 1195 2704 diminutionem
1230 2644 1262 2702 et

123 2739 367 2810 humiliationem
396 2745 479 2829 quod
513 2747 556 2810 eit
584 2751 746 2811 aeternum
780 2751 813 2811 et
844 2747 998 2821 innatum,
1031 2747 1105 2828 quia
1136 2745 1196 2810 hoc
1230 2749 1263 2809 et

123 2845 208 2914 deum
227 2853 325 2917 faciat
344 2855 467 2918 tantum
488 2855 624 2935 quantus
650 2857 708 2930 est,
733 2853 822 2918 nullo
846 2855 1000 2918 minorem
1019 2871 1121 2935 neque
1139 2852 1262 2917 subiec-

122 2955 235 3035 tionem,
264 2957 365 3023 immo
394 2960 542 3025 omnibus
570 2961 720 3026 maiorem
751 2963 783 3025 et
810 2961 1038 3024 sublimiorem.
1066 2959 1151 3023 sicut
1179 2958 1262 3022 enim

124 3067 227 3145 cetera,
251 3085 333 3148 qnae
357 3070 530 3130 nascuntur
553 3071 608 3131 aut
634 3067 715 3131 fiunt
743 3066 915 3131 etidcirco
944 3071 1070 3130 aeterua
1092 3084 1152 3130 nou
1177 3069 1262 3142 sunt,

89 3171 214 3235 asemel
232 3173 380 3255 opposita
397 3172 462 3250 lini,
482 3191 544 3256 qua
563 3179 595 3237 et
613 3173 715 3250 initio,
735 3173 909 3238 admittunt
933 3192 979 3242 ea,
999 3191 1079 3256 quae
1099 3172 1177 3236 dens
1201 3191 1261 3236 non

125 3277 209 3357 capit,
232 3279 475 3345 diminutionem
505 3279 574 3344 dico
604 3281 729 3346 iuterim
759 3283 791 3344 et
816 3279 1057 3358 subiectionem,
1088 3279 1161 3361 quia
1190 3281 1263 3342 nata

154 3415 315 3472 treddatnr
338 3417 404 3474 Ure:
421 3418 567 3474 irrideatur
580 3419 613 3488 P,
633 3419 755 3474 rideatur
768 3419 805 3482 N,
825 3418 923 3472 rudeat
942 3421 970 3472 et
983 3418 1014 3471 F
1065 3419 1081 3472 3
1097 3417 1177 3473 deum
1195 3416 1262 3471 Uro:

125 3500 183 3558 dena
199 3506 284 3560 PNF
356 3508 504 3562 communie
523 3507 587 3568 NF,
609 3507 742 3562 communi
762 3507 880 3578 Paulae
953 3511 1041 3559 statue
1059 3505 1170 3573 scripsi:
1188 3508 1262 3559 statu

125 3589 180 3657 ΡΝ,
197 3599 297 3650 statum
317 3595 348 3649 F
399 3596 494 3651 leole
514 3597 615 3650 addidi
677 3597 769 3650 ailla.
790 3601 818 3650 et
835 3596 920 3665 trumo
993 3599 1021 3648 et
1039 3595 1194 3664 ipsa-cnm
1214 3593 1263 3646 illa

126 3693 170 3734 oar.
186 3683 211 3736 P
227 3685 305 3752 (add.
322 3685 352 3740 *R
370 3685 401 3738 in
418 3701 469 3754 mc,
488 3701 521 3739 ea
540 3685 746 3756 Hireaupiener)
762 3684 795 3739 N
845 3686 861 3739 6
881 3686 941 3753 ipsa
959 3681 1177 3753 incomparabilia
1196 3681 1261 3747 NF,

126 3766 167 3822 ma
182 3771 399 3844 incomparabilis
413 3774 532 3843 Purrlpo
588 3775 603 3827 7
619 3775 681 3843 quia
696 3778 724 3829 et
738 3774 841 3827 auctrix
855 3773 884 3826 F
936 3773 953 3827 8
968 3777 997 3826 et
1011 3771 1119 3825 domina
1134 3787 1192 3824 cum
1211 3771 1261 3824 deo

127 3869 170 3909 om.
183 3857 214 3912 N
261 3863 373 3931 sic<ut>
386 3861 450 3931 Erip
493 3863 510 3916 9
526 3862 659 3915 lucanam
672 3861 798 3931 aponum
812 3862 891 3915 deum
907 3859 1102 3914 contenderes?
1116 3859 1163 3913 ael
1175 3859 1265 3912 manile

126 3945 186 4009 outa
199 3948 369 4005 intercidisse
381 3957 461 4018 puto,
482 3949 614 4004 concessit
628 3949 678 4003 deo
694 3957 780 4004 mente
797 3949 981 4018 supplendum
995 3955 1080 4017 palat
1099 3948 1163 4016 Eup
1217 3948 1263 4016 qui

126 4035 259 4090 nonetF
312 4039 344 4092 10
364 4043 395 4091 ut
408 4037 442 4100 P,
462 4041 490 4090 et
504 4036 564 4091 NF
616 4038 647 4090 11
665 4053 733 4106 quae
748 4037 814 4091 add.
829 4037 878 4098 ΙΝ,
898 4053 949 4090 om.
963 4036 1087 4090 ΡΝΝΝι
1140 4036 1172 4090 13
1193 4035 1263 4089 deai-

127 4119 242 4180 derclur:
255 4132 284 4182 et
297 4128 417 4182 omnium
437 4125 575 4180 dominum
630 4131 786 4195 competant
804 4126 853 4193 ΙΝ,
873 4130 1010 4196 competat
1028 4124 1152 4178 ΡΝΝΝι
1191 4125 1224 4178 16
1239 4126 1262 4177 ui

128 4209 217 4266 addidi
269 4216 302 4270 18
327 4214 463 4268 diuersum
487 4231 504 4268 a
528 4214 577 4268 doc
601 4214 657 4267 Fr
684 4214 718 4268 22
743 4214 823 4268 deum
847 4216 883 4278 R,
907 4213 973 4267 deus
995 4213 1095 4268 PNF-
1137 4214 1172 4265 24
1195 4213 1264 4265 fiunt

127 4299 226 4368 ratpot.-
243 4301 342 4358 fmiunt
361 4301 447 4356 PNF
497 4303 531 4356 25
552 4319 606 4371 qua
628 4301 770 4357 Ochtemea:
790 4321 859 4372 qnae
878 4302 1053 4371 PNK-quia
1072 4303 1129 4354 lua
