3250 4959
500 412 523 469 1.
541 413 587 467 De
607 412 777 482 potientis
794 412 875 467 8-4.
1238 416 1257 477 5

113 623 168 671 nos
191 624 266 671 uero
289 606 371 673 ratio
399 610 433 673 et
454 608 600 685 structio,
623 608 703 673 satis
726 611 833 691 aperte
856 625 918 673 non
941 607 1140 675 sermonibus
1162 606 1258 675 modo

113 712 144 776 in
165 713 387 796 praecipiendo
411 714 468 781 sed
491 715 588 781 etiam
609 713 815 797 passionibus
839 713 959 779 domini
981 714 1046 798 (in)
1072 714 1260 783 sustinendo

112 818 247 902 probant
275 819 339 899 bis,
372 820 489 905 quibus
521 821 647 887 eredere
674 820 784 887 datum
808 825 871 899 est,
902 821 1090 903 patientiam
1114 820 1165 886 dei
1188 838 1260 889 esse

112 929 266 1005 naturam,
303 926 451 995 effectum
483 931 517 995 et
538 928 765 1011 praestantiam
797 927 959 1012 ingenitae
990 927 1156 994 oniusdum
1189 948 1260 1013 pro-

76 1033 264 1114 anxietatis.

153 1142 185 1205 4.
217 1140 323 1224 Igitur
354 1141 383 1207 si
415 1142 530 1225 probos
563 1160 707 1227 quosque
735 1160 847 1209 seruos
874 1148 908 1209 et
934 1142 1036 1209 bonae
1062 1142 1180 1209 mentis
1201 1161 1259 1225 pxo

110 1245 236 1329 ingenio
259 1246 417 1313 dominico
445 1249 627 1315 conuersari
653 1248 811 1326 uidemus,
835 1283 880 1297 -
906 1248 1065 1331 siqnidem
1088 1248 1258 1315 artifioium

110 1352 308 1435 promerendi
337 1353 528 1437 obsequium
554 1358 616 1435 est,
644 1355 789 1438 obsequii
811 1374 888 1423 uero
911 1354 1081 1439 disciplina
1102 1355 1261 1440 morigera

111 1458 266 1525 subiectio
303 1464 354 1525 est
392 1498 430 1509 -
471 1464 588 1544 quanto
630 1461 734 1546 magis
776 1480 835 1528 nos
876 1461 1054 1529 seeundum
1093 1459 1258 1527 dominnm

72 1587 94 1629 io
109 1571 248 1633 moratos
270 1568 407 1634 inuenixi
430 1571 565 1651 oportet,
594 1586 707 1634 seruos
730 1569 855 1635 soilioet
876 1568 928 1633 dei
949 1567 1031 1647 uiui,
1061 1568 1155 1634 ouius
1178 1567 1258 1635 indi-

110 1673 192 1737 einm
229 1674 262 1739 in
300 1693 377 1741 snos
413 1694 475 1741 non
511 1676 543 1741 in
578 1676 730 1759 compede
762 1678 820 1741 aut
845 1676 943 1759 pilleo
967 1675 1113 1756 uertitur,
1145 1674 1202 1741 sed
1224 1674 1259 1741 in

110 1782 296 1847 aeternitate
323 1785 380 1849 eut
400 1800 521 1865 poenae
544 1786 602 1850 ant
623 1784 761 1849 salutis?
790 1782 841 1849 oni
865 1780 1033 1848 seueritati
1054 1781 1258 1847 declinandae

109 1886 160 1953 uel
185 1888 375 1957 liberalitati
401 1889 585 1957 inuitandos
611 1892 702 1957 tanta
728 1888 875 1972 obsequii
902 1888 1070 1973 diligentia
1092 1907 1173 1972 opus
1196 1891 1258 1966 est,

109 1999 224 2076 quanta
257 1999 333 2063 sunt
358 1996 440 2079 ipsa,
473 2016 553 2081 qnae
577 2002 634 2063 aut
655 1996 811 2063 seneritas
835 1996 1046 2064 comminetur
1068 1998 1124 2061 aut
1145 1994 1257 2061 libera·

72 2122 93 2161 n
108 2100 181 2171 litas
213 2102 395 2186 pollicetur.
427 2107 460 2171 et
490 2108 595 2171 tamen
623 2124 681 2171 nos
709 2123 771 2169 non
799 2103 840 2169 de
867 2102 1052 2168 hominibus
1075 2101 1171 2170 modo
1194 2120 1257 2169 ser·

110 2207 209 2273 uitnte
245 2209 394 2275 subnexis
425 2211 480 2277 uel
512 2210 658 2292 quolibet
685 2209 747 2289 elio
774 2206 1069 2275 iunedebitoxibus
1101 2208 1257 2291 obsequii,

112 2332 217 2379 uerum
254 2314 351 2381 etiam
384 2314 422 2379 de
453 2314 643 2399 pecudibus,
677 2315 774 2380 etiam
806 2314 846 2380 de
876 2314 992 2379 bestiis
1024 2313 1255 2381 oboedientiam

110 2422 325 2503 exprimimus,
344 2421 568 2507 intellegentes
586 2422 700 2488 usibus
718 2422 836 2489 nostris
856 2440 909 2487 eas
929 2441 947 2486 a
966 2420 1093 2487 domino
1111 2421 1258 2504 prousisae

108 2527 315 2611 traditasque.
347 2530 479 2596 meliora
511 2546 586 2613 ergo
613 2528 706 2594 nobie
733 2531 828 2594 erunt
854 2528 886 2593 in
915 2528 1059 2611 obsequii
1088 2527 1258 2610 disciplina

71 2650 94 2695 a
109 2654 185 2717 quas
212 2635 308 2701 nobis
337 2634 415 2703 dens
444 2634 574 2701 nundus
607 2635 948 2721 agnoscuntdenique
975 2655 1024 2701 aa
1051 2652 1132 2717 quae
1162 2634 1256 2700 oboe-

109 2740 208 2809 diunt:
236 2761 296 2809 nos
320 2742 372 2809 oui
395 2744 457 2808 soli
475 2741 597 2808 subditi
616 2760 740 2822 sumus,
764 2742 892 2808 domino
917 2742 1051 2820 scilieet,
1074 2740 1255 2807 auscultare

109 2848 315 2915 dubitamus?
352 2852 385 2915 at
417 2868 511 2933 quam
543 2849 701 2915 iniustum
734 2851 793 2928 eet,
828 2869 925 2932 quam
955 2849 1052 2915 etism
1083 2848 1255 2933 ingratum,

108 2956 188 3037 qnod
219 2975 277 3039 per
309 2956 441 3023 alterius
473 2956 705 3041 indulgentiam
739 2955 776 3020 de
810 2956 882 3021 aliis
919 2955 1135 3039 consequaris,
1169 2954 1255 3021 idem

106 3061 163 3139 illi,
198 3083 258 3147 per
295 3081 389 3147 quem
427 3064 641 3147 consequeris,
682 3063 721 3128 de
758 3062 931 3145 temetipso
971 3081 1032 3127 non
1068 3061 1252 3143 reponderet

69 3186 92 3225 aa
107 3186 161 3233 neo
191 3169 342 3253 pluribus
370 3168 409 3234 de
436 3169 582 3252 obsequii
611 3168 802 3235 exhibitione
832 3168 931 3233 debiti
959 3187 978 3232 a
1004 3167 1097 3233 nobis
1126 3167 1254 3233 domino

107 3272 170 3341 deo.
197 3277 278 3341 satis
302 3276 386 3340 enim
410 3276 530 3361 agnitio
555 3274 616 3353 dei,
641 3275 718 3360 quid
742 3274 803 3340 sibi
825 3274 999 3350 incumbat,
1023 3274 1192 3359 intellegit
1214 3292 1254 3339 ne

140 3520 154 3573 1
172 3520 319 3575 instructio
338 3518 369 3575 F
384 3524 410 3573 et
427 3516 638 3589 Hirsougienss's
656 3523 722 3573 teoto
738 3518 876 3573 Rbenosso
949 3520 1044 3588 aperta
1061 3516 1091 3569 F
1138 3518 1156 3569 2
1173 3534 1253 3588 prae·

107 3608 196 3663 ciendo
215 3610 249 3665 F
317 3608 348 3663 in
367 3608 432 3663 odd.
450 3609 509 3663 Iun
570 3608 733 3663 4effeotum
751 3607 822 3677 loto.-
840 3607 966 3662 effectam
982 3605 1105 3661 PMNF
1156 3608 1254 3677 8pxo·

105 3696 246 3753 merendae
270 3696 302 3752 F
370 3694 559 3753 liseonndum
580 3696 740 3761 LdominnmJ
760 3699 880 3751 moratos
903 3696 940 3763 Β,
962 3694 1110 3751 seeundum
1133 3700 1253 3749 moratos

106 3785 221 3843 PMNF
268 3788 299 3842 ll
320 3786 393 3857 pileo
411 3785 444 3841 F
457 3787 542 3857 uulgo
589 3786 622 3841 16
642 3786 769 3841 subnexis
788 3786 869 3842 Scala
888 3785 1008 3841 subnixia
1026 3784 1149 3840 PMNF
1198 3785 1253 3839 aiio

106 3876 159 3930 nixo
176 3876 210 3933 N
308 3877 343 3931 19
361 3878 518 3946 txsetasqne
535 3874 567 3931 F
670 3876 698 3929 in
717 3890 769 3931 oso.
787 3873 821 3928 N
923 3874 958 3928 20
977 3875 1111 3930 domm
1127 3874 1254 3943 masi:

105 3966 198 4033 <primi
216 3964 367 4021 cuiuslibet
385 3964 534 4019 dominium
554 3963 715 4034 eidem>qne
734 3963 884 4019 oboediunt
894 3965 967 4031 fort.
1065 3964 1099 4018 21
1119 3963 1254 4018 assultare

106 4052 134 4106 N
209 4056 246 4110 22
265 4071 299 4109 ae
316 4070 398 4127 quam
416 4054 450 4109 N
530 4054 565 4109 23
585 4056 766 4123 consequatur
782 4053 815 4107 F
896 4054 931 4107 25
950 4051 1037 4107 debiti
1057 4053 1080 4119 (i
1097 4052 1129 4106 io
1147 4068 1164 4106 a
1181 4068 1252 4107 ooxr.

106 4159 136 4195 su
154 4146 180 4211 1)
202 4144 238 4209 P,
265 4143 357 4199 debite
379 4143 481 4207 MNF,
505 4141 600 4197 debita
622 4142 651 4197 R
672 4142 773 4213 uulgo:
793 4158 844 4195 nee
868 4140 901 4195 de
924 4141 1042 4211 plurima
1064 4140 1189 4211 obsequii
1207 4158 1252 4195 ex-

105 4231 235 4288 hibitione
253 4249 310 4287 non
328 4232 421 4289 debite
440 4250 457 4288 a
474 4232 554 4289 uobis
573 4230 682 4287 domino
702 4230 752 4285 deo
772 4232 875 4301 gratias
893 4246 948 4285 non
966 4246 1049 4299 agere
1067 4228 1099 4284 F
1148 4229 1184 4285 26
1202 4246 1252 4284 neo

105 4328 190 4376 tamen
208 4322 240 4377 F
