3250 4959
311 366 417 433 XXVI
666 452 670 459 Ι
779 365 998 421 Praefatio.

310 564 479 626 immutare
492 560 651 625 interdum
667 559 719 625 uel
738 559 887 644 supplere
905 558 957 626 sui
974 560 1053 625 iuris
1068 579 1139 625 esse
1152 548 1288 646 putabat
1300 562 1460 645 similique

308 664 439 732 lieentia
452 667 484 731 in
502 666 695 733 recensendo
715 666 796 732 libro
815 668 911 732 tertio
930 666 1084 733 adsersus
1100 667 1299 733 Marcionem
1314 686 1392 735 usus
1411 673 1462 733 est

309 774 390 839 libro
405 772 558 839 adeona
566 772 712 853 Iudaeos,
728 793 764 839 er
773 794 838 856 quo
847 774 1057 856 interpolasse
1066 774 1169 859 magis
1178 774 1259 840 illud
1269 774 1460 858 opusculum

310 900 404 963 quam
424 880 609 947 emendasse
630 900 702 948 eum
727 898 788 946 uon
812 882 891 946 satis
915 900 935 945 a
958 881 1188 964 posterioribus
1206 883 1372 966 cognitum
1390 898 1461 947 esse

310 988 499 1071 putauerim.
519 986 567 1053 sic
585 984 785 1054 Pamelianae
805 988 954 1053 editionis
974 991 1127 1069 quantum
1148 988 1188 1053 ad
1205 989 1303 1053 uerba
1320 988 1459 1053 auctoris

309 1093 532 1160 constituenda
554 1094 744 1178 perexiguus
769 1096 857 1159 esset
880 1113 969 1175 usus,
990 1093 1054 1159 nisi
1076 1094 1235 1160 instructa
1251 1098 1338 1159 esset
1355 1094 1461 1159 Latini

308 1200 434 1279 Latini,
465 1200 621 1267 Lndouici
654 1200 824 1279 canionis,
851 1201 979 1267 Ioannis
1011 1200 1148 1267 Harrisii
1184 1200 1459 1265 emendationibus

309 1309 342 1370 et
361 1306 563 1385 coniecturis,
587 1302 619 1371 in
643 1306 760 1389 quibus
784 1306 942 1391 imprimis
964 1306 1144 1373 laudandus
1163 1309 1214 1372 est
1230 1304 1386 1388 Latinius,
1405 1307 1461 1389 qui

309 1412 395 1478 haud
423 1430 485 1479 uno
516 1411 588 1479 loco
616 1412 788 1479 uerbomm
822 1414 1009 1498 corruptelis
1041 1413 1253 1480 necessariam
1285 1416 1320 1478 et
1351 1417 1459 1497 aptam

307 1518 464 1584 medelam
489 1518 646 1585 adhibuit.

351 1640 491 1708 Eandem
509 1644 590 1707 hanc
608 1642 826 1709 Pamelianam
843 1644 1059 1710 recensionem
1084 1646 1303 1728 repraesentat
1322 1660 1461 1727 sequens

307 1748 404 1814 editio
425 1768 442 1815 a
462 1748 665 1815 Freneisoo
689 1750 797 1815 Iunio
818 1750 971 1817 adornata
989 1755 1021 1817 et
1038 1750 1252 1817 Franeclrerae
1272 1768 1351 1816 auno
1373 1749 1458 1815 1597

306 1856 338 1919 in
363 1856 468 1921 lucem
493 1856 620 1935 emissa,
644 1856 696 1921 cui
719 1856 862 1923 adiectae
886 1861 963 1923 sunt
986 1856 1116 1925 editoris
1138 1860 1171 1923 in
1195 1856 1341 1942 singulos
1359 1856 1458 1921 libros

305 1960 597 2027 animaduersiones
626 1968 658 2028 et
685 1964 717 2029 iu
746 1966 832 2030 calce
860 1966 944 2045 libri,
967 1969 1137 2049 postquam
1160 1969 1264 2032 totum
1287 1965 1351 2029 iam
1375 1980 1455 2046 opus

306 2067 489 2133 absolutum
513 2074 590 2147 erat,
620 2070 738 2137 codicis
766 2072 938 2138 Fuldeusis
968 2073 1009 2139 ad
1034 2073 1134 2138 libros
1161 2071 1397 2156 Apolopctienm
1424 2072 1457 2135 et

304 2172 459 2239 udrosos
472 2172 608 2240 Iudaeos
622 2168 798 2261 scripturae
808 2178 1035 2262 discrepantes.
1044 2178 1069 2265 ¹)
1085 2184 1181 2264 atque
1190 2178 1312 2243 utinam
1321 2175 1458 2260 placuis-

306 2283 356 2345 set
367 2282 444 2346 huie
461 2282 531 2347 uiro
551 2282 655 2361 docto,
673 2284 821 2367 neglecta
832 2284 1016 2349 Pameliana
1034 2285 1074 2350 ad
1091 2284 1306 2368 antiquiomm
1323 2281 1456 2347 testium

304 2386 406 2451 redire
419 2384 515 2450 fidem
528 2406 708 2471 nouamque
726 2387 799 2453 iude
818 2389 975 2456 instruere
993 2389 1181 2457 Tertulliani
1199 2408 1332 2474 operum
1350 2405 1456 2452 reeen-

305 2491 442 2557 sionem!
469 2492 552 2557 inter
574 2497 701 2561 ueteres
725 2496 807 2560 enim
832 2495 970 2562 editores
993 2498 1048 2562 uir
1069 2518 1151 2562 unus
1176 2500 1236 2576 est,
1266 2494 1321 2579 qui
1343 2492 1457 2559 iudicii

305 2599 450 2665 acumine
474 2601 508 2663 et
530 2599 706 2667 eruditione
730 2602 759 2667 ei
781 2622 839 2685 par
861 2604 914 2681 sit,
939 2604 994 2686 qui
1015 2608 1082 2669 tam
1111 2603 1280 2689 diligenter
1307 2601 1457 2667 obserua-

304 2706 388 2770 uerit
409 2704 616 2773 'tertullianei
640 2706 708 2774 stili
730 2708 966 2792 proprietatem,
989 2729 1093 2778 nemo.
1125 2710 1198 2776 inde
1226 2708 1266 2774 ad
1289 2704 1455 2773 emendan-

304 2810 379 2876 dum
400 2812 518 2896 optime
538 2812 715 2880 instructus
733 2816 765 2880 in
790 2815 1049 2883 adnotationibus
1073 2818 1142 2883 suis
1168 2816 1355 2882 thesaurum
1383 2832 1455 2879 con·

304 2918 408 3003 gessit
430 2921 463 2983 et
486 2919 746 2987 obseruationum
775 2927 808 2988 et
831 2924 1088 2990 emendationum
1113 2926 1146 2989 et
1168 2924 1455 2998 coniectaneornm,

305 3043 399 3107 quem
415 3028 447 3090 et
461 3025 536 3091 huie
555 3031 681 3094 nostrae
700 3030 876 3095 recensioni
895 3048 1008 3116 magno
1028 3031 1102 3096 usui
1119 3030 1221 3096 fuisse
1240 3032 1330 3114 grato
1350 3028 1455 3092 animo

304 3130 499 3197 confitemur.
525 3134 574 3197 est
598 3134 682 3201 enim
705 3135 737 3199 in
760 3134 817 3201 illo
841 3137 910 3201 ueri
925 3136 1107 3202 inueniendi
1124 3136 1278 3202 naturalis
1298 3133 1454 3218 quaedam

302 3238 354 3303 uis
378 3240 410 3303 et
432 3240 498 3303 tam
523 3242 650 3306 strenue
672 3244 801 3339 tamque
825 3244 950 3307 nauiter
971 3243 1194 3331 intellegendis
1218 3242 1357 3308 auctoris
1381 3239 1454 3305 sub·

303 3344 476 3412 tilitatibus
500 3346 556 3412 dat
578 3368 717 3432 operam,
741 3356 778 3414 ut
801 3349 896 3416 etiam
921 3352 951 3417 in
976 3352 1134 3417 erroribus
1158 3353 1226 3417 eius
1246 3370 1371 3434 semper
1387 3350 1455 3415 fere

302 3453 371 3518 ueri
395 3453 515 3537 aliquid
537 3455 672 3519 inueniri
694 3456 807 3538 possit.
830 3456 864 3520 id
883 3475 920 3521 eo
939 3458 1118 3541 expressius
1137 3458 1212 3524 duri
1232 3456 1453 3541 profitendum,

303 3578 365 3642 quo
389 3560 492 3645 magis
511 3560 560 3625 illi
580 3560 810 3626 obtrectantem
831 3562 1048 3629 animaduerto
1067 3564 1279 3631 nouissimum
1298 3563 1452 3629 editorem

302 3662 507 3731 Franciseum
532 3666 746 3754 Oehlerum.²)
773 3687 876 3753 neque
904 3670 988 3736 enim
1011 3670 1123 3737 Iunius
1150 3671 1228 3737 mibi
1251 3671 1304 3736 bic
1327 3670 1454 3752 uitupe-

303 3772 419 3837 raudus
444 3773 571 3839 uidetur
595 3774 651 3839 sed
677 3772 843 3855 oehlerus,
867 3778 922 3861 qui
944 3796 1005 3844 non
1028 3798 1098 3843 raro
1122 3798 1201 3863 quae
1224 3776 1358 3861 palmari
1380 3793 1452 3841 con·

302 4154 311 4208 1
350 4066 368 4137 ¹)
388 4065 579 4167 Delltuldensi
601 4066 672 4122 libro
694 4070 802 4139 plenius
826 4070 1012 4142 disputabitur
1034 4074 1063 4128 in
1086 4076 1198 4129 secundi
1221 4074 1370 4130 uoluminis
1386 4092 1450 4146 pre·

314 4170 461 4223 egumenus.

347 4260 368 4327 ²)
389 4262 422 4315 cl.
442 4260 551 4317 Oehleri
570 4264 767 4334 praefationem
788 4286 812 4337 p.
832 4266 930 4324 XVIII.
