3250 4959
337 425 401 486 414
571 416 688 484 Quinti
708 417 850 487 Septimi
869 416 1041 469 Florentia
1060 415 1266 468 Tertulliani

339 617 371 677 et
393 612 638 696 proselytorum,
668 614 707 675 et
730 609 949 675 concident
971 608 1203 672 machaeras
1226 626 1323 671 snas
1346 610 1386 673 in
1409 629 1482 673 ara-

337 724 400 783 tra
428 726 466 783 et
495 716 654 782 aibinas
682 716 723 780 in
748 716 888 791 falces,
916 716 949 779 id
973 718 1023 779 est
1046 713 1222 777 animorum
1246 716 1432 779 nocentium
1454 729 1483 780 et

335 825 516 909 linguarum
550 824 737 887 infestarum
771 826 804 887 et
836 823 939 887 omnis
972 821 1113 885 malitiae
1145 811 1241 902 atque
1268 820 1483 903 blasphemiae

336 931 462 1015 ingenia
475 932 660 995 connectent
677 929 710 993 in
731 928 837 993 studia
855 928 1030 994 modestiae
1050 930 1082 991 et
1100 927 1200 1008 pacis,
1224 931 1263 992 et
1286 948 1363 993 non
1388 931 1483 993 acci-

336 1038 422 1120 piet
440 1055 537 1121 gens
562 1053 684 1118 super
707 1039 865 1119 gentem
888 1034 1149 1111 machaeram,
1169 1032 1280 1116 utique
1300 1034 1483 1115 discordiae
1507 1054 1516 1093 s

336 1148 376 1211 et
399 1162 473 1208 non
497 1143 659 1207 discent
682 1144 858 1225 amplius
883 1141 1050 1216 bellare,
1079 1140 1113 1204 id
1135 1142 1185 1204 est
1207 1140 1398 1205 inimicitias
1421 1162 1483 1225 per-

336 1250 439 1327 ticere,
463 1253 501 1320 ut
524 1252 557 1315 et
578 1250 630 1313 hic
654 1248 759 1313 discas
784 1247 947 1313 Christum
971 1267 1030 1312 non
1049 1247 1302 1330 bellipotentem.
1325 1248 1386 1312 sed
1404 1251 1483 1331 paci-

336 1358 439 1421 ferum
471 1355 707 1440 repromissum.
738 1355 816 1419 haec
849 1358 905 1418 aut
935 1353 1125 1435 prophetata
1151 1372 1243 1437 nega.
1276 1373 1353 1419 cum
1381 1375 1483 1420 coram

337 1464 495 1539 uidentur,
529 1467 584 1527 aut
617 1461 797 1543 adimpleta,
835 1481 908 1525 cum
941 1461 1101 1545 leguntur,
1139 1464 1195 1524 aut
1226 1462 1254 1525 si
1286 1480 1349 1525 non
1389 1482 1483 1546 negas

336 1574 517 1651 utrumque,
545 1569 577 1633 in
607 1587 642 1633 eo
671 1570 763 1632 erunt
790 1567 973 1649 adimpleta,
1001 1567 1034 1631 in
1063 1586 1157 1647 quem
1185 1570 1262 1631 sunt
1284 1567 1482 1650 prophetata
1498 1586 1516 1625 ι·

336 1677 457 1758 inspice
485 1676 569 1740 enim
596 1674 700 1739 adhuc
729 1674 823 1739 etiam
851 1675 959 1756 ipsum
986 1674 1218 1756 introgressum
1246 1677 1344 1755 atque
1378 1675 1483 1739 decur-

337 1802 408 1847 sum
436 1781 612 1846 necationis
640 1782 673 1845 in
701 1780 855 1856 nationes,
879 1800 898 1845 a
921 1779 1107 1844 nouissimis
1131 1779 1244 1843 diebus
1268 1780 1426 1845 adeuntes
1449 1782 1483 1845 nd

337 1888 432 1953 deum
461 1892 644 1964 creatorem,
676 1906 735 1951 non
762 1887 795 1950 in
818 1885 1008 1970 proselytos,
1038 1905 1173 1967 quorum
1201 1906 1219 1950 a
1245 1885 1359 1969 primis
1384 1888 1482 1971 magis

337 1994 449 2060 diebus
478 1994 613 2058 adlectio
642 1997 699 2058 est
730 1994 847 2059 etenim
874 1993 969 2057 fidem
997 1993 1093 2057 istam
1121 1991 1258 2075 apostoli
1285 1992 1482 2058 induxerunt

382 2104 435 2165 22.
449 2101 557 2165 Habes
573 2104 605 2165 ct
618 2101 835 2182 apostolorum
851 2119 931 2183 opus
950 2098 1183 2182 praedicatum:
1204 2118 1318 2180 quam
1338 2104 1482 2184 tempe
1498 2116 1519 2156 ιε

338 2209 441 2273 stiui
468 2207 589 2291 pedes
619 2206 997 2291 euangelizantium
1026 2225 1174 2288 pacem,
1203 2207 1482 2290 euangeliran·

337 2316 437 2379 tium
467 2316 580 2393 bona,
613 2333 673 2378 non
702 2315 824 2379 bellum
851 2333 910 2378 nec
937 2315 1029 2377 mala.
1062 2312 1231 2395 respondet
1264 2318 1297 2377 et
1323 2316 1481 2396 psalmus:

337 2423 375 2485 in
404 2440 557 2486 omnem
587 2424 732 2485 terram
761 2421 894 2485 eriuit
918 2440 1044 2485 sonus
1069 2439 1203 2485 eorum
1229 2422 1267 2484 et
1289 2419 1327 2484 in
1351 2422 1482 2487 termi-

337 2548 407 2592 nos
436 2532 567 2591 terrae
595 2546 716 2591 uoces
746 2546 890 2605 eorum,
919 2526 1209 2591 circumferentium
1233 2526 1359 2592 scilicet
1381 2529 1483 2613 legem

338 2655 374 2699 er
401 2634 476 2699 Sion
508 2634 681 2715 profectam
714 2636 747 2699 et
779 2653 956 2699 sermonem
989 2634 1110 2698 domini
1139 2653 1175 2698 er
1202 2634 1418 2706 Hierusalem.
1448 2643 1482 2700 ut
1498 2648 1521 2687 ²

338 2742 426 2805 fieret
449 2742 533 2823 qnod
557 2741 710 2823 scriptum
736 2746 799 2806 est:
829 2743 979 2823 quique
1007 2742 1128 2825 longe
1151 2761 1169 2804 a
1191 2741 1364 2806 institia
1391 2762 1481 2807 mea

339 2848 776 2931 adpropinquauerunt
795 2848 992 2913 iustitiae
1011 2867 1121 2912 meae
1144 2852 1182 2912 et
1205 2848 1389 2912 ueritati.
1414 2869 1482 2914 cum

338 2956 413 3019 huic
436 2956 564 3039 negotio
585 2956 825 3039 accingerentur
842 2956 989 3037 apostoli,
1013 2956 1273 3020 renuntiauerant
1290 2955 1484 3038 presbyteris

339 3064 371 3125 et
389 3061 547 3126 archontis
572 3064 604 3125 ct
627 3061 844 3125 sacerdotibus
868 3061 1069 3138 Indaeorum,
1094 3080 1132 3125 an
1156 3064 1238 3124 non?
1261 3060 1315 3124 uel
1339 3062 1483 3134 maxime.

337 3168 452 3250 inquit,
484 3173 522 3233 nt
548 3168 679 3233 alterius
710 3168 760 3231 dei
788 3168 1031 3251 praedicatores.
1060 3166 1170 3249 atquin
1201 3166 1305 3249 ipsius
1329 3167 1482 3232 eiusdem.
1500 3180 1522 3221 ὅ

338 3275 429 3339 cuius
453 3276 642 3356 scripturam
662 3294 735 3339 cnm
754 3274 889 3339 marimo
906 3275 1098 3358 implebant:
1118 3274 1329 3352 diuertite,
1355 3274 1484 3339 diner-

339 3384 427 3460 tite‚
451 3382 601 3447 inclamat
619 3382 740 3454 Esaias,
765 3382 951 3447 excedite
973 3381 1096 3446 illinc
1120 3384 1159 3445 et
1181 3380 1417 3445 inmundum
1440 3400 1483 3444 ne

429 3626 645 3694 rainatas.
712 3626 755 3695 rs}
776 3626 820 3678 es.
843 3628 883 3693 rs,
903 3629 927 3679 5.
992 3627 1038 3695 ao]
1058 3627 1090 3680 cr.
1110 3626 1155 3679 ns.
1174 3629 1199 3694 a,
1218 3628 1243 3681 3.
1309 3628 1484 3697 auhsne

340 3716 380 3769 ra.
402 3715 442 3769 13.
499 3716 631 3779 rer-415,
651 3716 678 3781 s]
700 3714 744 3767 as.
765 3716 808 3781 na,
829 3716 870 3767 11.
1250 3716 1253 3719 ’

375 3870 759 3929 2κίὺίηειε.1[.1ἰὺὶηειεῖι’ῑ,
784 3874 893 3941 sibynas
911 3873 1045 3942 amcino
1117 3874 1332 3927 tetsinonF
1401 3878 1483 3929 tant

338 3960 408 4028 Rip:
430 3964 504 4025 aut(
544 3972 625 4015 erus.)
646 3961 687 4026 M,
708 3964 798 4013 autern
818 3962 846 4014 Il
902 3964 934 4014 12
954 3962 1033 4014 deum
1052 3960 1086 4015 ad
1105 3962 1136 4015 F
1188 3965 1221 4016 14
1241 3968 1283 4017 est
1300 3964 1410 4019 allectio
1430 3965 1483 4032 nia

341 4051 371 4101 li
392 4050 688 4115 malad[,rnalum1i
760 4050 906 4119 respondet
923 4051 1036 4118 scripsi:
1056 4050 1198 4120 respondit
1214 4052 1277 4105 MR
1330 4053 1363 4105 21
1385 4054 1482 4122 quique

337 4138 419 4205 longe
437 4139 549 4205 scripsi:
571 4138 650 4206 longe
671 4140 769 4207 quique
789 4140 865 4198 Ml&
880 4146 944 4207 post
963 4157 1023 4193 urea
1040 4142 1180 4208 scirpaldae
1194 4142 1280 4209 poeni
1341 4142 1377 4195 23
1395 4142 1480 4195 aecin-

340 4230 448 4287 perotur
465 4226 502 4279 hl
555 4228 587 4279 24
608 4228 745 4281 archontis
760 4229 830 4296 ΜΓ,
850 4230 1024 4282 archontibus
1038 4229 1066 4283 R
1139 4228 1308 4283 Iudaeorum.
1323 4246 1357 4284 an
1372 4247 1425 4284 non
1439 4229 1479 4283 uel

338 4314 451 4367 inarime
470 4316 553 4383 culpo
608 4317 643 4369 25
662 4316 881 4385 praedicatores?
900 4319 995 4386 atquin
1014 4320 1097 4387 urelpo
