3250 4959
455 416 503 470 VI.
521 416 691 471 Aduersus
709 418 859 472 Praxean
881 420 958 472 1-2.
1217 424 1281 487 229

125 632 209 677 uero
237 618 270 678 et
298 632 423 697 semper
450 617 483 678 et
505 632 589 678 nunc
611 614 724 698 magis,
752 618 790 679 ut
812 614 1032 679 instructiores
1060 634 1116 699 per
1143 618 1282 698 paracle·

125 730 213 797 tum,
247 720 451 785 deductorem
489 721 612 785 scilicet
648 721 750 787 omnis
788 722 945 799 ueritatis,
984 721 1113 787 unicum
1150 722 1280 805 quidem

125 826 228 889 deum
252 826 422 904 credimus,
452 827 512 891 sub
540 826 599 891 bac
627 830 733 891 tamen
757 827 1005 909 dispensatione,
1034 848 1127 911 quam
1153 829 1280 894 eikono-

124 933 229 996 miam
253 933 401 1010 dicimus,
429 939 466 999 ut
493 934 579 997 unici
612 934 662 998 dei
695 934 739 999 sit
770 938 803 999 et
835 934 930 1013 filius,
956 954 1058 999 sermo
1087 935 1201 1017 ipsius,
1225 935 1280 1018 qui

92 1058 165 1105 sex
198 1038 272 1122 ipso
299 1040 500 1121 processerit,
528 1058 584 1121 per
607 1059 702 1122 quem
726 1040 831 1106 omnia
854 1042 939 1106 fecta
962 1044 1092 1106 suntet
1120 1043 1187 1106 siue
1217 1060 1280 1124 quo
1375 1064 1379 1073 ·

123 1147 253 1209 factum
277 1145 438 1211 estnihil.
463 1147 547 1211 hunc
571 1147 707 1212 missum
732 1152 861 1230 epatre
890 1148 920 1211 in
945 1148 1101 1231 uirginem
1127 1152 1159 1213 et
1182 1167 1217 1212 er
1242 1166 1281 1211 ee

123 1255 250 1331 uatum,
283 1252 443 1318 homiuem
472 1258 505 1318 et
536 1253 642 1332 deum,
670 1254 773 1319 filium
801 1255 940 1319 hominis
974 1259 1007 1319 et
1033 1254 1134 1319 filium
1159 1254 1220 1333 dei,
1250 1260 1283 1318 et

124 1360 390 1443 cognominatum
412 1360 520 1425 Iesum
545 1360 723 1437 Christum
746 1362 830 1425 bunc
853 1380 993 1443 passum,
1013 1362 1098 1425 huno
1120 1366 1281 1427 mortuum

124 1472 159 1530 et
183 1467 350 1548 sepultum
372 1467 546 1532 secundum
570 1468 744 1550 scripturas
774 1470 807 1532 et
834 1468 1060 1533 resuscitatum
1089 1486 1107 1533 a
1134 1471 1221 1553 patre
1249 1472 1283 1534 et

80 1599 105 1636 ιο
123 1574 157 1636 in
194 1573 284 1638 caelo
320 1577 520 1657 resumptum
558 1573 667 1637 sedere
699 1574 740 1637 ad
772 1574 931 1638 dexteram
964 1574 1074 1657 patris,
1108 1579 1280 1639 uenturum

124 1679 271 1744 iudicare
303 1680 397 1745 uiuos
434 1685 467 1744 et
501 1683 659 1755 mortuom
700 1680 755 1763 qui
792 1679 902 1745 exinde
941 1680 1063 1745 miserit
1104 1680 1281 1745 secundum

123 1786 372 1869 promissionem
409 1806 500 1852 suam
527 1806 547 1850 a
576 1789 678 1871 patre¹
697 1786 847 1870 spiritum
884 1792 1041 1866 sanctum,
1073 1788 1281 1869 paracletum,

126 1893 396 1958 sanctificatorem
423 1894 496 1959 fidei
525 1913 644 1972 eorum,
674 1895 728 1977 qui
756 1894 888 1959 credunt
915 1894 945 1959 in
974 1899 1095 1978 patrem
1124 1898 1156 1959 et
1178 1894 1279 1960 filium

125 2004 157 2062 et
206 2000 356 2081 spiritum
398 2003 555 2068 sanctum.
595 2002 676 2065 hanc
717 2002 859 2086 reguiam
902 2000 940 2065 ab
983 2000 1074 2066 initio
1122 2001 1281 2085 euangelii

83 2132 108 2171 ιο
126 2105 361 2183 decucurrisse,
390 2106 486 2171 etiam
518 2111 590 2171 aute
618 2108 737 2191 priores
765 2126 909 2191 quosque
941 2108 1128 2185 haereticos,
1162 2107 1279 2171 nedum

123 2216 200 2277 ante
221 2212 359 2277 Praxean
382 2214 575 2293 hestemum‚
599 2214 746 2296 probabit
768 2220 834 2278 tam
852 2214 923 2297 ipsa
944 2214 1114 2297 posteritas
1139 2214 1280 2278 omnium

126 2320 362 2385 haereticorum
386 2340 480 2402 quem
503 2322 574 2403 ipsa
599 2322 769 2386 noueiiitas
797 2322 932 2386 Praxeae
955 2320 1104 2387 hesterni.
1128 2339 1190 2402 quo
1213 2336 1281 2402 per-

126 2445 231 2509 aeque
255 2426 409 2492 aduersus
433 2428 598 2493 uniuersas
622 2429 768 2493 haereses
791 2428 855 2493 iam
875 2429 948 2493 hinc
967 2427 1217 2512 praeiudicatum
1238 2426 1282 2490 sit

126 2534 158 2597 id
177 2552 255 2598 esse
274 2552 396 2611 uerum,
417 2534 638 2618 quodcumque
658 2536 807 2617 primum,
827 2534 860 2599 id
881 2554 951 2599 esse
971 2534 1161 2610 adoreum,
1182 2532 1280 2615 quod-

84 2666 109 2704 νο
127 2659 269 2721 cumque
291 2640 463 2721 posterius.
487 2641 543 2705 sed
566 2642 656 2705 salua
678 2642 741 2705 ista
763 2641 1011 2725 praescriptione
1034 2642 1151 2723 ubique
1174 2644 1280 2704 tamen

126 2750 260 2828 propter
286 2746 527 2812 instructionem
557 2752 589 2811 et
616 2748 826 2812 munitionem
856 2748 1052 2830 quorundam
1082 2746 1201 2812 dandus
1231 2752 1281 2810 eat

126 2852 225 2917 etiam
250 2854 474 2917 retractatibus
497 2856 600 2931 locus,
623 2856 677 2919 uel
701 2874 740 2918 ue
759 2855 907 2920 uideatur
926 2872 1133 2937 unaquaeque
1156 2872 1280 2935 peruer-

127 2960 209 3023 sitas
232 2978 297 3024 non
322 2961 508 3037 examinata,
532 2961 589 3025 sed
615 2961 834 3043 praeiudicata
857 2962 1009 3037 damnari,
1033 2960 1166 3024 maxime
1191 2961 1278 3036 haec,

128 3085 209 3147 quae
239 3084 275 3130 se
299 3066 458 3130 existimat
486 3086 605 3132 meram
632 3069 801 3133 ueritatem
834 3067 1007 3151 possidere,
1041 3067 1116 3130 dum
1150 3066 1280 3129 unicum

85 3197 110 3236 ee
128 3172 225 3236 deum
255 3190 318 3235 non
346 3172 424 3237 alias
451 3176 545 3254 putat
572 3173 773 3250 credendum,
807 3194 902 3257 ernam
936 3174 963 3239 si
991 3174 1097 3255 ipsum
1131 3172 1279 3237 eundem·

128 3298 189 3359 que
220 3281 254 3343 et
281 3281 401 3360 patrem
435 3282 468 3343 et
498 3278 601 3343 tilium
633 3283 667 3345 ot
699 3281 847 3362 spiritum
881 3281 979 3358 dicat3
1014 3281 1105 3363 quasi
1139 3299 1199 3344 nou
1233 3280 1280 3343 sic

129 3402 259 3466 quoque
282 3404 365 3449 unus
393 3386 437 3449 sit
460 3385 576 3462 omnia,
600 3386 676 3451 dum
705 3405 741 3451 er
769 3405 831 3452 uno
862 3387 977 3465 omnia,
1002 3406 1058 3469 per
1081 3386 1279 3451 substantiae

130 3490 258 3555 scilicet
275 3491 442 3569 unitatem,
462 3496 495 3556 et
512 3492 720 3557 nihilominus
740 3493 941 3559 custodiatur
959 3494 1157 3558 oibouomiae
1178 3512 1280 3563 sacra

129 3600 286 3673 mentum,
316 3615 395 3678 quae
423 3597 580 3662 unitatem
607 3599 639 3661 in
663 3598 838 3663 trinitatem
867 3599 1016 3683 disponit,
1046 3603 1109 3663 tres
1141 3597 1279 3681 dirigens

219 3824 249 3890 4]
270 3820 304 3875 cf.
323 3821 380 3875 Iob.
404 3824 426 3891 1,
446 3824 471 3876 3.

165 3964 181 4017 3
205 3963 390 4017 eitouomiam
413 3965 508 4030 PMF,
532 3967 716 4019 oeconomiam
739 3967 803 4035 Rip,
828 3966 975 4038 οἰκονομίαν
994 3966 1022 4019 R
1076 3968 1092 4020 6
1117 3971 1159 4021 est
1182 3984 1232 4022 om.
1253 3968 1280 4020 P

134 4052 165 4105 10
178 4053 206 4105 in
223 4052 316 4107 coelos
328 4053 402 4107 Pom
452 4055 484 4107 16
499 4055 618 4107 Praxean
630 4054 666 4123 R,
680 4071 805 4124 praxeam
821 4054 912 4107 PMF
958 4056 993 4109 24
1012 4072 1111 4108 meram
1126 4057 1227 4110 inrue.
1244 4057 1277 4109 M

132 4143 165 4193 dd
179 4142 308 4212 spiritum
318 4142 381 4195 MP
394 4142 508 4210 reddre
519 4160 541 4196 c.
557 4160 583 4198 u.
598 4148 721 4197 sanctum
736 4161 769 4198 ex
782 4144 1000 4213 Hirscrcpieuei),
1016 4145 1140 4214 spiritum
1155 4150 1278 4200 sanctum

134 4230 186 4284 ΡΒ
208 4232 294 4301 uaipo
348 4232 382 4285 27
405 4248 474 4285 uuus
497 4231 534 4285 sit
557 4234 648 4285 omnia
669 4233 727 4286 scit.
746 4240 829 4301 poter
848 4239 872 4285 et
890 4234 972 4301 filice
991 4240 1015 4286 et
1032 4235 1148 4301 spiritua
1165 4243 1279 4289 sanctor

133 4318 167 4370 28
180 4320 354 4374 eikonomiae
368 4320 462 4385 PMF,
477 4318 625 4390 οἰκονομίας
638 4320 666 4374 R
676 4322 761 4390 culpo
811 4323 846 4375 29
862 4320 981 4391 dirigens
997 4348 1029 4366 =
1046 4324 1209 4377 corrtenderas
1224 4341 1279 4377 esee
