<?xml version="1.0" encoding="UTF-8"?>
<!DOCTYPE html PUBLIC "-//W3C//DTD XHTML 1.0 Transitional//EN"
    "http://www.w3.org/TR/xhtml1/DTD/xhtml1-transitional.dtd">
<html xmlns="http://www.w3.org/1999/xhtml" xml:lang="en" lang="en">
 <head>
  <title>
</title>
<meta http-equiv="Content-Type" content="text/html;charset=utf-8" />
  <meta name='ocr-system' content='tesseract 3.04.00' />
  <meta name='ocr-capabilities' content='ocr_page ocr_carea ocr_par ocr_line ocrx_word'/>
</head>
<body>
  <div class='ocr_page' id='page_1' title='image "./corpusscriptoru20wissgoog_0050.png"; bbox 0 0 3250 4959; ppageno 0'>
   <div class='ocr_carea' id='block_1_1' title="bbox 333 406 1267 477">
    <p class='ocr_par' dir='ltr' id='par_1_1' title="bbox 333 406 1267 477">
     <span class='ocr_line' id='line_1_1' title="bbox 333 406 1267 477; baseline 0.003 -17"><span class='ocrx_word' id='word_1_1' title='bbox 333 408 353 473; x_wconf 73' lang='grc'><strong>4</strong></span> <span class='ocrx_word' id='word_1_2' title='bbox 572 406 688 472; x_wconf 80' lang='lat' dir='ltr'><strong>Quinti</strong></span> <span class='ocrx_word' id='word_1_3' title='bbox 708 406 850 477; x_wconf 76' lang='lat' dir='ltr'><strong>Septimi</strong></span> <span class='ocrx_word' id='word_1_4' title='bbox 867 408 1041 463; x_wconf 83' lang='lat' dir='ltr'><strong>Florentia</strong></span> <span class='ocrx_word' id='word_1_5' title='bbox 1059 408 1267 465; x_wconf 74' lang='lat' dir='ltr'>Tertulliani</span> 
     </span>
    </p>
   </div>
   <div class='ocr_carea' id='block_1_2' title="bbox 329 597 1537 3038">
    <p class='ocr_par' dir='ltr' id='par_1_2' title="bbox 329 597 1537 3038">
     <span class='ocr_line' id='line_1_2' title="bbox 333 597 1485 697; baseline 0.007 -30"><span class='ocrx_word' id='word_1_6' title='bbox 333 597 455 688; x_wconf 74' lang='lat' dir='ltr'><strong>[utqnln</strong></span> <span class='ocrx_word' id='word_1_7' title='bbox 486 602 557 687; x_wconf 87' lang='lat' dir='ltr'><strong>ipse</strong></span> <span class='ocrx_word' id='word_1_8' title='bbox 584 600 730 667; x_wconf 87' lang='lat' dir='ltr'><strong>lauandis</strong></span> <span class='ocrx_word' id='word_1_9' title='bbox 759 602 991 685; x_wconf 89' lang='lat' dir='ltr'><strong>discipulorum</strong></span> <span class='ocrx_word' id='word_1_10' title='bbox 1020 603 1155 688; x_wconf 91' lang='lat' dir='ltr'><strong>pedibus</strong></span> <span class='ocrx_word' id='word_1_11' title='bbox 1185 604 1390 697; x_wconf 83' lang='lat' dir='ltr'><strong>ministrasit]</strong></span> <span class='ocrx_word' id='word_1_12' title='bbox 1422 628 1485 675; x_wconf 91' lang='lat' dir='ltr'><strong>nou</strong></span> 
     </span>
     <span class='ocr_line' id='line_1_3' title="bbox 333 709 1486 794; baseline 0.006 -21"><span class='ocrx_word' id='word_1_13' title='bbox 333 712 525 792; x_wconf 75' lang='lat' dir='ltr'>peccatores,</span> <span class='ocrx_word' id='word_1_14' title='bbox 558 724 619 775; x_wconf 91' lang='lat' dir='ltr'><strong>non</strong></span> <span class='ocrx_word' id='word_1_15' title='bbox 652 709 840 792; x_wconf 89' lang='lat' dir='ltr'><strong>publicanos</strong></span> <span class='ocrx_word' id='word_1_16' title='bbox 877 714 1065 794; x_wconf 89' lang='lat' dir='ltr'><strong>aspernatus</strong></span> <span class='ocrx_word' id='word_1_17' title='bbox 1103 714 1163 791; x_wconf 90' lang='lat' dir='ltr'><strong>est,</strong></span> <span class='ocrx_word' id='word_1_18' title='bbox 1200 732 1261 779; x_wconf 90' lang='lat' dir='ltr'><strong>nou</strong></span> <span class='ocrx_word' id='word_1_19' title='bbox 1293 714 1343 778; x_wconf 91' lang='lat' dir='ltr'><strong>illi</strong></span> <span class='ocrx_word' id='word_1_20' title='bbox 1365 716 1486 781; x_wconf 88' lang='lat' dir='ltr'><strong>saltim</strong></span> 
     </span>
     <span class='ocr_line' id='line_1_4' title="bbox 334 816 1483 900; baseline 0.006 -20"><span class='ocrx_word' id='word_1_21' title='bbox 334 816 469 893; x_wconf 86' lang='lat' dir='ltr'><strong>ciuitati,</strong></span> <span class='ocrx_word' id='word_1_22' title='bbox 503 834 584 898; x_wconf 87' lang='lat' dir='ltr'><strong>quae</strong></span> <span class='ocrx_word' id='word_1_23' title='bbox 616 834 690 881; x_wconf 90' lang='lat' dir='ltr'><strong>oum</strong></span> <span class='ocrx_word' id='word_1_24' title='bbox 715 818 857 900; x_wconf 88' lang='lat' dir='ltr'><strong>recipere</strong></span> <span class='ocrx_word' id='word_1_25' title='bbox 885 818 1040 895; x_wconf 86' lang='lat' dir='ltr'><strong>noluerat,</strong></span> <span class='ocrx_word' id='word_1_26' title='bbox 1072 818 1172 885; x_wconf 89' lang='lat' dir='ltr'><strong>iratus</strong></span> <span class='ocrx_word' id='word_1_27' title='bbox 1197 822 1257 898; x_wconf 87' lang='lat' dir='ltr'><strong>est,</strong></span> <span class='ocrx_word' id='word_1_28' title='bbox 1291 838 1364 885; x_wconf 91' lang='lat' dir='ltr'><strong>oum</strong></span> <span class='ocrx_word' id='word_1_29' title='bbox 1386 820 1483 887; x_wconf 89' lang='lat' dir='ltr'><strong>etiam</strong></span> 
     </span>
     <span class='ocr_line' id='line_1_5' title="bbox 333 922 1486 1013; baseline 0.005 -26"><span class='ocrx_word' id='word_1_30' title='bbox 333 922 482 1006; x_wconf 89' lang='lat' dir='ltr'><strong>discipuli</strong></span> <span class='ocrx_word' id='word_1_31' title='bbox 510 928 578 989; x_wconf 84' lang='lat' dir='ltr'><strong>tam</strong></span> <span class='ocrx_word' id='word_1_32' title='bbox 606 924 835 989; x_wconf 88' lang='lat' dir='ltr'><strong>contumelioso</strong></span> <span class='ocrx_word' id='word_1_33' title='bbox 864 924 982 1007; x_wconf 91' lang='lat' dir='ltr'><strong>oppido</strong></span> <span class='ocrx_word' id='word_1_34' title='bbox 1010 926 1165 991; x_wconf 90' lang='lat' dir='ltr'><strong>caelestes</strong></span> <span class='ocrx_word' id='word_1_35' title='bbox 1188 926 1278 1013; x_wconf 90' lang='lat' dir='ltr'><strong>ignes</strong></span> <span class='ocrx_word' id='word_1_36' title='bbox 1304 946 1486 1011; x_wconf 81' lang='lat' dir='ltr'><strong>repraesen-</strong></span> 
     </span>
     <span class='ocr_line' id='line_1_6' title="bbox 332 1028 1537 1117; baseline 0.004 -23"><span class='ocrx_word' id='word_1_37' title='bbox 332 1028 393 1094; x_wconf 90' lang='lat' dir='ltr'><strong>tari</strong></span> <span class='ocrx_word' id='word_1_38' title='bbox 416 1029 608 1107; x_wconf 86' lang='lat' dir='ltr'><strong>noluissent;</strong></span> <span class='ocrx_word' id='word_1_39' title='bbox 641 1029 783 1114; x_wconf 88' lang='lat' dir='ltr'><strong>ingratos</strong></span> <span class='ocrx_word' id='word_1_40' title='bbox 809 1030 944 1109; x_wconf 87' lang='lat' dir='ltr'><strong>curauit,</strong></span> <span class='ocrx_word' id='word_1_41' title='bbox 967 1029 1207 1098; x_wconf 78' lang='lat' dir='ltr'><strong>insidiatoribus</strong></span> <span class='ocrx_word' id='word_1_42' title='bbox 1236 1034 1343 1099; x_wconf 89' lang='lat' dir='ltr'><strong>cessit</strong></span> <span class='ocrx_word' id='word_1_43' title='bbox 1369 1053 1484 1117; x_wconf 89' lang='lat' dir='ltr'><strong>parum</strong></span> <span class='ocrx_word' id='word_1_44' title='bbox 1520 1063 1537 1099; x_wconf 71' lang='lat'>⁵</span> 
     </span>
     <span class='ocr_line' id='line_1_7' title="bbox 332 1134 1485 1219; baseline 0.007 -20"><span class='ocrx_word' id='word_1_45' title='bbox 332 1136 403 1213; x_wconf 91' lang='lat' dir='ltr'><strong>hoc,</strong></span> <span class='ocrx_word' id='word_1_46' title='bbox 435 1136 464 1201; x_wconf 92' lang='lat' dir='ltr'><strong>si</strong></span> <span class='ocrx_word' id='word_1_47' title='bbox 487 1154 548 1201; x_wconf 92' lang='lat' dir='ltr'><strong>nou</strong></span> <span class='ocrx_word' id='word_1_48' title='bbox 578 1134 675 1201; x_wconf 89' lang='lat' dir='ltr'><strong>etiem</strong></span> <span class='ocrx_word' id='word_1_49' title='bbox 707 1135 901 1219; x_wconf 76' lang='lat' dir='ltr'><strong>proditorem</strong></span> <span class='ocrx_word' id='word_1_50' title='bbox 929 1155 1024 1201; x_wconf 88' lang='lat' dir='ltr'><strong>suum</strong></span> <span class='ocrx_word' id='word_1_51' title='bbox 1054 1156 1163 1203; x_wconf 89' lang='lat' dir='ltr'><strong>secum</strong></span> <span class='ocrx_word' id='word_1_52' title='bbox 1193 1138 1307 1205; x_wconf 90' lang='lat' dir='ltr'><strong>habuit</strong></span> <span class='ocrx_word' id='word_1_53' title='bbox 1328 1158 1386 1205; x_wconf 88' lang='lat' dir='ltr'><strong>nec</strong></span> <span class='ocrx_word' id='word_1_54' title='bbox 1410 1159 1485 1207; x_wconf 91' lang='lat' dir='ltr'><strong>con·</strong></span> 
     </span>
     <span class='ocr_line' id='line_1_8' title="bbox 332 1240 1483 1331; baseline 0.003 -24"><span class='ocrx_word' id='word_1_55' title='bbox 332 1244 452 1307; x_wconf 88' lang='lat' dir='ltr'><strong>stanter</strong></span> <span class='ocrx_word' id='word_1_56' title='bbox 475 1240 649 1307; x_wconf 88' lang='lat' dir='ltr'><strong>denotauit.</strong></span> <span class='ocrx_word' id='word_1_57' title='bbox 674 1261 748 1307; x_wconf 90' lang='lat' dir='ltr'><strong>cum</strong></span> <span class='ocrx_word' id='word_1_58' title='bbox 770 1260 848 1307; x_wconf 89' lang='lat' dir='ltr'><strong>uero</strong></span> <span class='ocrx_word' id='word_1_59' title='bbox 872 1241 1018 1321; x_wconf 90' lang='lat' dir='ltr'><strong>traditur,</strong></span> <span class='ocrx_word' id='word_1_60' title='bbox 1042 1262 1115 1308; x_wconf 92' lang='lat' dir='ltr'><strong>cnm</strong></span> <span class='ocrx_word' id='word_1_61' title='bbox 1139 1243 1310 1310; x_wconf 80' lang='lat' dir='ltr'><strong>adducitur</strong></span> <span class='ocrx_word' id='word_1_62' title='bbox 1326 1249 1367 1310; x_wconf 89' lang='lat' dir='ltr'><strong>ut</strong></span> <span class='ocrx_word' id='word_1_63' title='bbox 1383 1264 1483 1331; x_wconf 89' lang='lat' dir='ltr'><strong>pecus</strong></span> 
     </span>
     <span class='ocr_line' id='line_1_9' title="bbox 331 1348 1482 1436; baseline 0.003 -22"><span class='ocrx_word' id='word_1_64' title='bbox 331 1349 371 1414; x_wconf 87' lang='lat' dir='ltr'><strong>ad</strong></span> <span class='ocrx_word' id='word_1_65' title='bbox 394 1348 571 1428; x_wconf 88' lang='lat' dir='ltr'><strong>uictimam,</strong></span> <span class='ocrx_word' id='word_1_66' title='bbox 595 1386 638 1396; x_wconf 89' lang='lat'><em>-</em></span> <span class='ocrx_word' id='word_1_67' title='bbox 666 1348 713 1413; x_wconf 92' lang='lat' dir='ltr'><strong>sic</strong></span> <span class='ocrx_word' id='word_1_68' title='bbox 741 1349 824 1414; x_wconf 90' lang='lat' dir='ltr'><strong>cuim</strong></span> <span class='ocrx_word' id='word_1_69' title='bbox 857 1367 932 1413; x_wconf 92' lang='lat' dir='ltr'><strong>non</strong></span> <span class='ocrx_word' id='word_1_70' title='bbox 962 1350 1093 1434; x_wconf 88' lang='lat' dir='ltr'><strong>magis</strong></span> <span class='ocrx_word' id='word_1_71' title='bbox 1126 1352 1266 1435; x_wconf 87' lang='lat' dir='ltr'><strong>aperit</strong></span> <span class='ocrx_word' id='word_1_72' title='bbox 1294 1371 1337 1418; x_wconf 88' lang='lat' dir='ltr'><strong>oa</strong></span> <span class='ocrx_word' id='word_1_73' title='bbox 1365 1372 1482 1436; x_wconf 88' lang='lat' dir='ltr'><strong>quam</strong></span> 
     </span>
     <span class='ocr_line' id='line_1_10' title="bbox 332 1456 1482 1543; baseline 0.003 -24"><span class='ocrx_word' id='word_1_74' title='bbox 332 1474 459 1541; x_wconf 85' lang='lat' dir='ltr'><strong>eguus</strong></span> <span class='ocrx_word' id='word_1_75' title='bbox 488 1456 560 1522; x_wconf 90' lang='lat' dir='ltr'><strong>snb</strong></span> <span class='ocrx_word' id='word_1_76' title='bbox 592 1456 806 1521; x_wconf 88' lang='lat' dir='ltr'><strong>tendentis</strong></span> <span class='ocrx_word' id='word_1_77' title='bbox 840 1459 1058 1539; x_wconf 81' lang='lat' dir='ltr'><strong>potestate</strong></span> <span class='ocrx_word' id='word_1_78' title='bbox 1090 1492 1134 1503; x_wconf 84' lang='lat'>-</span> <span class='ocrx_word' id='word_1_79' title='bbox 1157 1457 1224 1536; x_wconf 89' lang='lat' dir='ltr'><strong>ille,</strong></span> <span class='ocrx_word' id='word_1_80' title='bbox 1254 1458 1306 1523; x_wconf 90' lang='lat' dir='ltr'><strong>cui</strong></span> <span class='ocrx_word' id='word_1_81' title='bbox 1338 1458 1482 1543; x_wconf 75' lang='lat' dir='ltr'><strong>legiones</strong></span> 
     </span>
     <span class='ocr_line' id='line_1_11' title="bbox 332 1561 1532 1649; baseline 0.006 -22"><span class='ocrx_word' id='word_1_82' title='bbox 332 1565 526 1649; x_wconf 85' lang='lat' dir='ltr'><strong>angelorum,</strong></span> <span class='ocrx_word' id='word_1_83' title='bbox 560 1563 589 1628; x_wconf 90' lang='lat' dir='ltr'><strong>si</strong></span> <span class='ocrx_word' id='word_1_84' title='bbox 621 1561 788 1639; x_wconf 82' lang='lat' dir='ltr'><strong>uoluisset,</strong></span> <span class='ocrx_word' id='word_1_85' title='bbox 821 1580 885 1627; x_wconf 91' lang='lat' dir='ltr'><strong>nno</strong></span> <span class='ocrx_word' id='word_1_86' title='bbox 920 1562 1005 1628; x_wconf 89' lang='lat' dir='ltr'><strong>dicto</strong></span> <span class='ocrx_word' id='word_1_87' title='bbox 1034 1562 1073 1627; x_wconf 93' lang='lat' dir='ltr'><strong>de</strong></span> <span class='ocrx_word' id='word_1_88' title='bbox 1101 1564 1197 1629; x_wconf 88' lang='lat' dir='ltr'><strong>caelis</strong></span> <span class='ocrx_word' id='word_1_89' title='bbox 1220 1563 1409 1641; x_wconf 83' lang='lat' dir='ltr'><strong>adfuissent,</strong></span> <span class='ocrx_word' id='word_1_90' title='bbox 1440 1584 1482 1630; x_wconf 90' lang='lat' dir='ltr'><strong>ue</strong></span> <span class='ocrx_word' id='word_1_91' title='bbox 1502 1594 1532 1635; x_wconf 80' lang='grc' dir='ltr'><strong>ιο</strong></span> 
     </span>
     <span class='ocr_line' id='line_1_12' title="bbox 332 1666 1485 1754; baseline 0.003 -20"><span class='ocrx_word' id='word_1_92' title='bbox 332 1669 427 1735; x_wconf 88' lang='lat' dir='ltr'><strong>unius</strong></span> <span class='ocrx_word' id='word_1_93' title='bbox 460 1670 588 1753; x_wconf 87' lang='lat' dir='ltr'><strong>quidem</strong></span> <span class='ocrx_word' id='word_1_94' title='bbox 612 1666 764 1735; x_wconf 87' lang='lat' dir='ltr'><strong>discentis</strong></span> <span class='ocrx_word' id='word_1_95' title='bbox 789 1668 932 1753; x_wconf 83' lang='lat' dir='ltr'><strong>gladium</strong></span> <span class='ocrx_word' id='word_1_96' title='bbox 968 1671 1105 1735; x_wconf 87' lang='lat' dir='ltr'><strong>ultorem</strong></span> <span class='ocrx_word' id='word_1_97' title='bbox 1137 1670 1296 1754; x_wconf 89' lang='lat' dir='ltr'><strong>probauit.</strong></span> <span class='ocrx_word' id='word_1_98' title='bbox 1328 1671 1485 1754; x_wconf 90' lang='lat' dir='ltr'><strong>patientia</strong></span> 
     </span>
     <span class='ocr_line' id='line_1_13' title="bbox 332 1776 1484 1862; baseline 0 -21"><span class='ocrx_word' id='word_1_99' title='bbox 332 1776 451 1842; x_wconf 87' lang='lat' dir='ltr'><strong>domini</strong></span> <span class='ocrx_word' id='word_1_100' title='bbox 491 1777 523 1841; x_wconf 93' lang='lat' dir='ltr'><strong>in</strong></span> <span class='ocrx_word' id='word_1_101' title='bbox 559 1776 687 1841; x_wconf 90' lang='lat' dir='ltr'><strong>Malcho</strong></span> <span class='ocrx_word' id='word_1_102' title='bbox 729 1776 898 1840; x_wconf 90' lang='lat' dir='ltr'><strong>uulnerata</strong></span> <span class='ocrx_word' id='word_1_103' title='bbox 938 1779 996 1841; x_wconf 87' lang='lat' dir='ltr'><strong>est</strong></span> <span class='ocrx_word' id='word_1_104' title='bbox 1035 1776 1145 1859; x_wconf 87' lang='lat' dir='ltr'><strong>itaque</strong></span> <span class='ocrx_word' id='word_1_105' title='bbox 1181 1782 1215 1841; x_wconf 89' lang='lat' dir='ltr'><strong>et</strong></span> <span class='ocrx_word' id='word_1_106' title='bbox 1252 1777 1350 1862; x_wconf 83' lang='lat' dir='ltr'><strong>gladii</strong></span> <span class='ocrx_word' id='word_1_107' title='bbox 1386 1796 1484 1860; x_wconf 90' lang='lat' dir='ltr'><strong>opera</strong></span> 
     </span>
     <span class='ocr_line' id='line_1_14' title="bbox 330 1881 1481 1967; baseline 0 -18"><span class='ocrx_word' id='word_1_108' title='bbox 330 1882 494 1949; x_wconf 82' lang='lat' dir='ltr'><strong>maledixit</strong></span> <span class='ocrx_word' id='word_1_109' title='bbox 514 1886 545 1946; x_wconf 90' lang='lat' dir='ltr'><strong>in</strong></span> <span class='ocrx_word' id='word_1_110' title='bbox 571 1884 734 1966; x_wconf 90' lang='lat' dir='ltr'><strong>posterum</strong></span> <span class='ocrx_word' id='word_1_111' title='bbox 757 1884 790 1947; x_wconf 91' lang='lat' dir='ltr'><strong>et</strong></span> <span class='ocrx_word' id='word_1_112' title='bbox 812 1881 960 1947; x_wconf 89' lang='lat' dir='ltr'><strong>sanitatis</strong></span> <span class='ocrx_word' id='word_1_113' title='bbox 987 1883 1189 1948; x_wconf 85' lang='lat' dir='ltr'><strong>restitutione</strong></span> <span class='ocrx_word' id='word_1_114' title='bbox 1221 1884 1261 1961; x_wconf 92' lang='lat' dir='ltr'><strong>ei,</strong></span> <span class='ocrx_word' id='word_1_115' title='bbox 1294 1903 1387 1967; x_wconf 91' lang='lat' dir='ltr'><strong>quem</strong></span> <span class='ocrx_word' id='word_1_116' title='bbox 1418 1902 1481 1949; x_wconf 93' lang='lat' dir='ltr'><strong>non</strong></span> 
     </span>
     <span class='ocr_line' id='line_1_15' title="bbox 329 1988 1481 2074; baseline 0.001 -21"><span class='ocrx_word' id='word_1_117' title='bbox 329 1991 399 2074; x_wconf 91' lang='lat' dir='ltr'><strong>ipse</strong></span> <span class='ocrx_word' id='word_1_118' title='bbox 417 1994 597 2065; x_wconf 81' lang='lat' dir='ltr'><strong>uexauerat,</strong></span> <span class='ocrx_word' id='word_1_119' title='bbox 617 1988 777 2055; x_wconf 79' lang='lat' dir='ltr'><strong>satisfecit</strong></span> <span class='ocrx_word' id='word_1_120' title='bbox 794 2008 851 2072; x_wconf 90' lang='lat' dir='ltr'><strong>per</strong></span> <span class='ocrx_word' id='word_1_121' title='bbox 868 1989 1066 2072; x_wconf 87' lang='lat' dir='ltr'><strong>patientiam,</strong></span> <span class='ocrx_word' id='word_1_122' title='bbox 1086 1990 1321 2056; x_wconf 90' lang='lat' dir='ltr'><strong>misericordiae</strong></span> <span class='ocrx_word' id='word_1_123' title='bbox 1334 1995 1481 2055; x_wconf 89' lang='lat' dir='ltr'><strong>matrem.</strong></span> 
     </span>
     <span class='ocr_line' id='line_1_16' title="bbox 330 2095 1530 2180; baseline 0 -19"><span class='ocrx_word' id='word_1_124' title='bbox 330 2100 432 2175; x_wconf 82' lang='lat' dir='ltr'><strong>taceo,</strong></span> <span class='ocrx_word' id='word_1_125' title='bbox 464 2096 549 2179; x_wconf 88' lang='lat' dir='ltr'><strong>quod</strong></span> <span class='ocrx_word' id='word_1_126' title='bbox 581 2096 703 2180; x_wconf 77' lang='lat' dir='ltr'><strong>ligitur3</strong></span> <span class='ocrx_word' id='word_1_127' title='bbox 736 2095 768 2160; x_wconf 92' lang='lat' dir='ltr'><strong>iu</strong></span> <span class='ocrx_word' id='word_1_128' title='bbox 802 2095 863 2160; x_wconf 92' lang='lat' dir='ltr'><strong>hoc</strong></span> <span class='ocrx_word' id='word_1_129' title='bbox 895 2095 979 2160; x_wconf 89' lang='lat' dir='ltr'><strong>enim</strong></span> <span class='ocrx_word' id='word_1_130' title='bbox 1011 2100 1150 2161; x_wconf 90' lang='lat' dir='ltr'><strong>uenerat.</strong></span> <span class='ocrx_word' id='word_1_131' title='bbox 1187 2098 1342 2179; x_wconf 91' lang='lat' dir='ltr'><strong>numquid</strong></span> <span class='ocrx_word' id='word_1_132' title='bbox 1373 2100 1482 2163; x_wconf 86' lang='lat' dir='ltr'><strong>tamen</strong></span> <span class='ocrx_word' id='word_1_133' title='bbox 1503 2126 1530 2168; x_wconf 64' lang='grc' dir='ltr'><strong>ιι</strong></span> 
     </span>
     <span class='ocr_line' id='line_1_17' title="bbox 331 2201 1482 2288; baseline -0.002 -19"><span class='ocrx_word' id='word_1_134' title='bbox 331 2201 504 2269; x_wconf 87' lang='lat' dir='ltr'><strong>subiendae</strong></span> <span class='ocrx_word' id='word_1_135' title='bbox 530 2202 626 2267; x_wconf 89' lang='lat' dir='ltr'><strong>morti</strong></span> <span class='ocrx_word' id='word_1_136' title='bbox 650 2202 745 2267; x_wconf 90' lang='lat' dir='ltr'><strong>etiam</strong></span> <span class='ocrx_word' id='word_1_137' title='bbox 770 2202 975 2267; x_wconf 89' lang='lat' dir='ltr'><strong>contumeliis</strong></span> <span class='ocrx_word' id='word_1_138' title='bbox 999 2222 1080 2287; x_wconf 87' lang='lat' dir='ltr'><strong>opus</strong></span> <span class='ocrx_word' id='word_1_139' title='bbox 1102 2202 1228 2271; x_wconf 83' lang='lat' dir='ltr'><strong>fuerat?</strong></span> <span class='ocrx_word' id='word_1_140' title='bbox 1257 2203 1314 2269; x_wconf 88' lang='lat' dir='ltr'><strong>sed</strong></span> <span class='ocrx_word' id='word_1_141' title='bbox 1341 2203 1482 2288; x_wconf 87' lang='lat' dir='ltr'><strong>saginari</strong></span> 
     </span>
     <span class='ocr_line' id='line_1_18' title="bbox 330 2306 1481 2393; baseline 0.001 -20"><span class='ocrx_word' id='word_1_142' title='bbox 330 2310 497 2393; x_wconf 89' lang='lat' dir='ltr'><strong>uoluptate</strong></span> <span class='ocrx_word' id='word_1_143' title='bbox 527 2306 700 2392; x_wconf 89' lang='lat' dir='ltr'><strong>patientiae</strong></span> <span class='ocrx_word' id='word_1_144' title='bbox 734 2308 936 2374; x_wconf 90' lang='lat' dir='ltr'><strong>discessuros</strong></span> <span class='ocrx_word' id='word_1_145' title='bbox 974 2310 1118 2374; x_wconf 90' lang='lat' dir='ltr'><strong>nolebat:</strong></span> <span class='ocrx_word' id='word_1_146' title='bbox 1156 2310 1333 2391; x_wconf 83' lang='lat' dir='ltr'><strong>despuitur,</strong></span> <span class='ocrx_word' id='word_1_147' title='bbox 1369 2308 1481 2374; x_wconf 80' lang='lat' dir='ltr'><strong>uerbe</strong></span> 
     </span>
     <span class='ocr_line' id='line_1_19' title="bbox 330 2414 1482 2494; baseline -0.003 -11"><span class='ocrx_word' id='word_1_148' title='bbox 330 2419 427 2494; x_wconf 88' lang='lat' dir='ltr'><strong>ratur,</strong></span> <span class='ocrx_word' id='word_1_149' title='bbox 456 2415 627 2493; x_wconf 85' lang='lat' dir='ltr'><strong>deridetur,</strong></span> <span class='ocrx_word' id='word_1_150' title='bbox 654 2415 757 2481; x_wconf 83' lang='lat' dir='ltr'><strong>scedis</strong></span> <span class='ocrx_word' id='word_1_151' title='bbox 786 2416 935 2493; x_wconf 90' lang='lat' dir='ltr'><strong>uestitur,</strong></span> <span class='ocrx_word' id='word_1_152' title='bbox 972 2414 1167 2481; x_wconf 84' lang='lat' dir='ltr'><strong>foedioribus</strong></span> <span class='ocrx_word' id='word_1_153' title='bbox 1191 2420 1368 2482; x_wconf 90' lang='lat' dir='ltr'><strong>coronatur.</strong></span> <span class='ocrx_word' id='word_1_154' title='bbox 1399 2415 1482 2481; x_wconf 90' lang='lat' dir='ltr'><strong>mira</strong></span> 
     </span>
     <span class='ocr_line' id='line_1_20' title="bbox 330 2520 1480 2606; baseline 0 -18"><span class='ocrx_word' id='word_1_155' title='bbox 330 2523 587 2606; x_wconf 88' lang='lat' dir='ltr'><strong>aequanimitatis</strong></span> <span class='ocrx_word' id='word_1_156' title='bbox 611 2521 705 2587; x_wconf 87' lang='lat' dir='ltr'><strong>fides:</strong></span> <span class='ocrx_word' id='word_1_157' title='bbox 730 2520 839 2604; x_wconf 89' lang='lat' dir='ltr'><strong>quiin</strong></span> <span class='ocrx_word' id='word_1_158' title='bbox 862 2522 1001 2587; x_wconf 89' lang='lat' dir='ltr'><strong>hominis</strong></span> <span class='ocrx_word' id='word_1_159' title='bbox 1024 2522 1127 2605; x_wconf 87' lang='lat' dir='ltr'><strong>figura</strong></span> <span class='ocrx_word' id='word_1_160' title='bbox 1143 2525 1353 2605; x_wconf 87' lang='lat' dir='ltr'><strong>proposuerat</strong></span> <span class='ocrx_word' id='word_1_161' title='bbox 1368 2524 1480 2603; x_wconf 89' lang='lat' dir='ltr'><strong>latere,</strong></span> 
     </span>
     <span class='ocr_line' id='line_1_21' title="bbox 329 2626 1529 2713; baseline -0.001 -19"><span class='ocrx_word' id='word_1_162' title='bbox 329 2630 409 2695; x_wconf 91' lang='lat' dir='ltr'><strong>nibil</strong></span> <span class='ocrx_word' id='word_1_163' title='bbox 438 2628 476 2693; x_wconf 89' lang='lat' dir='ltr'><strong>de</strong></span> <span class='ocrx_word' id='word_1_164' title='bbox 502 2628 700 2713; x_wconf 87' lang='lat' dir='ltr'><strong>impatientia</strong></span> <span class='ocrx_word' id='word_1_165' title='bbox 727 2626 866 2693; x_wconf 91' lang='lat' dir='ltr'><strong>hominis</strong></span> <span class='ocrx_word' id='word_1_166' title='bbox 893 2628 1040 2693; x_wconf 88' lang='lat' dir='ltr'><strong>imitatus</strong></span> <span class='ocrx_word' id='word_1_167' title='bbox 1066 2630 1126 2694; x_wconf 91' lang='lat' dir='ltr'><strong>est.</strong></span> <span class='ocrx_word' id='word_1_168' title='bbox 1155 2628 1228 2693; x_wconf 90' lang='lat' dir='ltr'><strong>hinc</strong></span> <span class='ocrx_word' id='word_1_169' title='bbox 1256 2628 1308 2693; x_wconf 93' lang='lat' dir='ltr'><strong>uel</strong></span> <span class='ocrx_word' id='word_1_170' title='bbox 1331 2628 1477 2705; x_wconf 85' lang='lat' dir='ltr'><strong>maxime,</strong></span> <span class='ocrx_word' id='word_1_171' title='bbox 1499 2660 1529 2701; x_wconf 62' lang='grc' dir='ltr'><strong><em>ω</em></strong></span> 
     </span>
     <span class='ocr_line' id='line_1_22' title="bbox 329 2733 1478 2819; baseline -0.003 -17"><span class='ocrx_word' id='word_1_172' title='bbox 329 2735 503 2815; x_wconf 84' lang='lat' dir='ltr'><strong>Pharisaei,</strong></span> <span class='ocrx_word' id='word_1_173' title='bbox 524 2735 686 2800; x_wconf 89' lang='lat' dir='ltr'><strong>dominum</strong></span> <span class='ocrx_word' id='word_1_174' title='bbox 706 2753 877 2819; x_wconf 85' lang='lat' dir='ltr'><strong>agnoscere</strong></span> <span class='ocrx_word' id='word_1_175' title='bbox 896 2734 1068 2812; x_wconf 77' lang='lat' dir='ltr'><strong>debuistis3</strong></span> <span class='ocrx_word' id='word_1_176' title='bbox 1087 2736 1274 2818; x_wconf 71' lang='lat' dir='ltr'><strong>pedentiam</strong></span> <span class='ocrx_word' id='word_1_177' title='bbox 1292 2733 1478 2801; x_wconf 90' lang='lat' dir='ltr'><strong>huiuamodi</strong></span> 
     </span>
     <span class='ocr_line' id='line_1_23' title="bbox 329 2841 1478 2926; baseline -0.002 -19"><span class='ocrx_word' id='word_1_178' title='bbox 329 2861 421 2908; x_wconf 89' lang='lat' dir='ltr'><strong>nemo</strong></span> <span class='ocrx_word' id='word_1_179' title='bbox 440 2843 603 2908; x_wconf 88' lang='lat' dir='ltr'><strong>hominum</strong></span> <span class='ocrx_word' id='word_1_180' title='bbox 622 2844 829 2926; x_wconf 86' lang='lat' dir='ltr'><strong>perpetraret.</strong></span> <span class='ocrx_word' id='word_1_181' title='bbox 853 2842 931 2906; x_wconf 91' lang='lat' dir='ltr'><strong>talia</strong></span> <span class='ocrx_word' id='word_1_182' title='bbox 949 2844 1101 2924; x_wconf 88' lang='lat' dir='ltr'><strong>tantaque</strong></span> <span class='ocrx_word' id='word_1_183' title='bbox 1119 2841 1319 2919; x_wconf 86' lang='lat' dir='ltr'><strong>documenta,</strong></span> <span class='ocrx_word' id='word_1_184' title='bbox 1342 2860 1478 2925; x_wconf 89' lang='lat' dir='ltr'><strong>quorum</strong></span> 
     </span>
     <span class='ocr_line' id='line_1_24' title="bbox 329 2947 1475 3038; baseline -0.003 -23"><span class='ocrx_word' id='word_1_185' title='bbox 329 2949 515 3038; x_wconf 86' lang='lat' dir='ltr'><strong>magnitudo</strong></span> <span class='ocrx_word' id='word_1_186' title='bbox 538 2968 635 3033; x_wconf 88' lang='lat' dir='ltr'><strong>penes</strong></span> <span class='ocrx_word' id='word_1_187' title='bbox 659 2949 803 3014; x_wconf 89' lang='lat' dir='ltr'><strong>nationes</strong></span> <span class='ocrx_word' id='word_1_188' title='bbox 828 2947 957 3030; x_wconf 91' lang='lat' dir='ltr'><strong>quidem</strong></span> <span class='ocrx_word' id='word_1_189' title='bbox 981 2948 1168 3013; x_wconf 87' lang='lat' dir='ltr'><strong>detrectatio</strong></span> <span class='ocrx_word' id='word_1_190' title='bbox 1191 2947 1265 3013; x_wconf 88' lang='lat' dir='ltr'><strong>fidei</strong></span> <span class='ocrx_word' id='word_1_191' title='bbox 1293 2952 1353 3024; x_wconf 88' lang='lat' dir='ltr'><strong>est,</strong></span> <span class='ocrx_word' id='word_1_192' title='bbox 1378 2967 1475 3030; x_wconf 89' lang='lat' dir='ltr'><strong>penes</strong></span> 
     </span>
    </p>
   </div>
   <div class='ocr_carea' id='block_1_3' title="bbox 327 3104 1476 3819">
    <p class='ocr_par' dir='ltr' id='par_1_3' title="bbox 329 3104 1475 3358">
     <span class='ocr_line' id='line_1_25' title="bbox 419 3104 1475 3178; baseline -0.001 -16"><span class='ocrx_word' id='word_1_193' title='bbox 419 3108 445 3178; x_wconf 86' lang='lat'><strong>3]</strong></span> <span class='ocrx_word' id='word_1_194' title='bbox 471 3107 504 3163; x_wconf 82' lang='lat' dir='ltr'><strong>cf.</strong></span> <span class='ocrx_word' id='word_1_195' title='bbox 527 3107 592 3163; x_wconf 90' lang='lat' dir='ltr'><strong>Luc.</strong></span> <span class='ocrx_word' id='word_1_196' title='bbox 616 3108 641 3172; x_wconf 83' lang='lat'><strong>9,</strong></span> <span class='ocrx_word' id='word_1_197' title='bbox 665 3105 781 3160; x_wconf 85' lang='grc'><strong>52-56.</strong></span> <span class='ocrx_word' id='word_1_198' title='bbox 850 3104 878 3175; x_wconf 88' lang='grc'><strong>8]</strong></span> <span class='ocrx_word' id='word_1_199' title='bbox 901 3104 948 3160; x_wconf 77' lang='lat' dir='ltr'><strong>Es.</strong></span> <span class='ocrx_word' id='word_1_200' title='bbox 972 3107 1015 3170; x_wconf 82' lang='lat'><strong>53,</strong></span> <span class='ocrx_word' id='word_1_201' title='bbox 1040 3106 1065 3160; x_wconf 83' lang='grc'><strong>1.</strong></span> <span class='ocrx_word' id='word_1_202' title='bbox 1133 3106 1161 3175; x_wconf 87' lang='grc'><strong>9]</strong></span> <span class='ocrx_word' id='word_1_203' title='bbox 1186 3106 1219 3161; x_wconf 83' lang='lat' dir='ltr'><strong>ci.</strong></span> <span class='ocrx_word' id='word_1_204' title='bbox 1243 3106 1342 3160; x_wconf 83' lang='lat' dir='ltr'><strong>Matth.</strong></span> <span class='ocrx_word' id='word_1_205' title='bbox 1364 3107 1410 3170; x_wconf 94' lang='grc'><strong>26,</strong></span> <span class='ocrx_word' id='word_1_206' title='bbox 1431 3107 1475 3161; x_wconf 86' lang='grc'><strong>53.</strong></span> 
     </span>
     <span class='ocr_line' id='line_1_26' title="bbox 330 3193 1474 3268; baseline -0.005 -15"><span class='ocrx_word' id='word_1_207' title='bbox 330 3198 375 3268; x_wconf 93' lang='grc'><strong>11]</strong></span> <span class='ocrx_word' id='word_1_208' title='bbox 391 3197 426 3255; x_wconf 84' lang='lat' dir='ltr'><strong>cf.</strong></span> <span class='ocrx_word' id='word_1_209' title='bbox 436 3198 534 3253; x_wconf 81' lang='lat' dir='ltr'><strong>Matth.</strong></span> <span class='ocrx_word' id='word_1_210' title='bbox 544 3197 588 3263; x_wconf 82' lang='lat'><strong>26,</strong></span> <span class='ocrx_word' id='word_1_211' title='bbox 599 3196 641 3249; x_wconf 85' lang='lat'><strong>51.</strong></span> <span class='ocrx_word' id='word_1_212' title='bbox 651 3195 711 3251; x_wconf 89' lang='lat' dir='ltr'><strong>Ioh.</strong></span> <span class='ocrx_word' id='word_1_213' title='bbox 722 3196 763 3261; x_wconf 90' lang='lat'><strong>18,</strong></span> <span class='ocrx_word' id='word_1_214' title='bbox 776 3196 819 3251; x_wconf 88' lang='grc'><strong>10.</strong></span> <span class='ocrx_word' id='word_1_215' title='bbox 858 3196 903 3265; x_wconf 87' lang='grc'><strong>12]</strong></span> <span class='ocrx_word' id='word_1_216' title='bbox 912 3195 946 3249; x_wconf 85' lang='lat' dir='ltr'><strong>cf.</strong></span> <span class='ocrx_word' id='word_1_217' title='bbox 956 3193 1057 3249; x_wconf 83' lang='lat' dir='ltr'><strong>Mattb.</strong></span> <span class='ocrx_word' id='word_1_218' title='bbox 1066 3194 1111 3259; x_wconf 95' lang='grc'><strong>26,</strong></span> <span class='ocrx_word' id='word_1_219' title='bbox 1122 3196 1165 3248; x_wconf 85' lang='grc'><strong>52.</strong></span> <span class='ocrx_word' id='word_1_220' title='bbox 1203 3195 1248 3265; x_wconf 86' lang='grc'><strong>13]</strong></span> <span class='ocrx_word' id='word_1_221' title='bbox 1260 3193 1368 3249; x_wconf 85' lang='lat' dir='ltr'><strong>ci.an</strong></span> <span class='ocrx_word' id='word_1_222' title='bbox 1377 3193 1421 3256; x_wconf 92' lang='grc'><strong>22,</strong></span> <span class='ocrx_word' id='word_1_223' title='bbox 1431 3193 1474 3248; x_wconf 86' lang='grc'><strong>51.</strong></span> 
     </span>
     <span class='ocr_line' id='line_1_27' title="bbox 329 3284 632 3358; baseline -0.007 -16"><span class='ocrx_word' id='word_1_224' title='bbox 329 3288 375 3358; x_wconf 91' lang='grc'><strong>21]</strong></span> <span class='ocrx_word' id='word_1_225' title='bbox 396 3287 429 3343; x_wconf 85' lang='lat' dir='ltr'><strong>ci.</strong></span> <span class='ocrx_word' id='word_1_226' title='bbox 450 3287 462 3341; x_wconf 95' lang='grc'><strong>1</strong></span> <span class='ocrx_word' id='word_1_227' title='bbox 482 3284 542 3341; x_wconf 84' lang='lat' dir='ltr'><strong>Cor.</strong></span> <span class='ocrx_word' id='word_1_228' title='bbox 561 3288 587 3355; x_wconf 89' lang='grc'><strong>2,</strong></span> <span class='ocrx_word' id='word_1_229' title='bbox 606 3286 632 3340; x_wconf 91' lang='lat'><strong>8.</strong></span> 
     </span>
    </p>

    <p class='ocr_par' dir='ltr' id='par_1_4' title="bbox 327 3384 1476 3819">
     <span class='ocr_line' id='line_1_28' title="bbox 366 3384 1476 3463; baseline -0.006 -15"><span class='ocrx_word' id='word_1_230' title='bbox 366 3394 379 3448; x_wconf 94' lang='lat' dir='ltr'><strong>l</strong></span> <span class='ocrx_word' id='word_1_231' title='bbox 405 3392 705 3463; x_wconf 82' lang='lat' dir='ltr'><strong>atquin—ministranti</strong></span> <span class='ocrx_word' id='word_1_232' title='bbox 726 3392 826 3447; x_wconf 77' lang='lat' dir='ltr'><strong>seclusi</strong></span> <span class='ocrx_word' id='word_1_233' title='bbox 852 3394 948 3458; x_wconf 63' lang='lat' dir='ltr'><strong>(nemos</strong></span> <span class='ocrx_word' id='word_1_234' title='bbox 975 3390 1048 3444; x_wconf 86' lang='lat' dir='ltr'><strong>enim</strong></span> <span class='ocrx_word' id='word_1_235' title='bbox 1075 3388 1280 3443; x_wconf 78' lang='lat' dir='ltr'><strong>bannitiotionie</strong></span> <span class='ocrx_word' id='word_1_236' title='bbox 1302 3387 1408 3443; x_wconf 77' lang='lat' dir='ltr'><strong>donnini</strong></span> <span class='ocrx_word' id='word_1_237' title='bbox 1427 3384 1476 3442; x_wconf 75' lang='lat' dir='ltr'><strong>aed</strong></span> 
     </span>
     <span class='ocr_line' id='line_1_29' title="bbox 327 3478 1476 3553; baseline -0.008 -14"><span class='ocrx_word' id='word_1_238' title='bbox 327 3484 481 3553; x_wconf 62' lang='lat' dir='ltr'><strong>patentior</strong></span> <span class='ocrx_word' id='word_1_239' title='bbox 504 3484 562 3537; x_wconf 82' lang='lat' dir='ltr'><strong>eina</strong></span> <span class='ocrx_word' id='word_1_240' title='bbox 584 3482 629 3536; x_wconf 80' lang='lat' dir='ltr'><strong>bic</strong></span> <span class='ocrx_word' id='word_1_241' title='bbox 652 3481 810 3549; x_wconf 78' lang='lat' dir='ltr'><strong>offerrentur</strong></span> <span class='ocrx_word' id='word_1_242' title='bbox 833 3480 956 3548; x_wconf 76' lang='lat' dir='ltr'><strong>asnapio</strong></span> <span class='ocrx_word' id='word_1_243' title='bbox 980 3479 1027 3549; x_wconf 76' lang='lat' dir='ltr'><strong>[ef.</strong></span> <span class='ocrx_word' id='word_1_244' title='bbox 1052 3496 1129 3547; x_wconf 70' lang='lat' dir='ltr'><strong>gnam</strong></span> <span class='ocrx_word' id='word_1_245' title='bbox 1150 3494 1237 3546; x_wconf 71' lang='lat' dir='ltr'><strong>aspro</strong></span> <span class='ocrx_word' id='word_1_246' title='bbox 1260 3478 1357 3532; x_wconf 74' lang='lat' dir='ltr'><strong>oualit</strong></span> <span class='ocrx_word' id='word_1_247' title='bbox 1379 3482 1476 3531; x_wconf 78' lang='lat' dir='ltr'><strong>anctos</strong></span> 
     </span>
     <span class='ocr_line' id='line_1_30' title="bbox 329 3564 1476 3640; baseline -0.009 -12"><span class='ocrx_word' id='word_1_248' title='bbox 329 3574 417 3628; x_wconf 77' lang='lat' dir='ltr'><strong>locam</strong></span> <span class='ocrx_word' id='word_1_249' title='bbox 435 3570 608 3640; x_wconf 74' lang='lat' dir='ltr'><strong>empturoel,</strong></span> <span class='ocrx_word' id='word_1_250' title='bbox 626 3569 800 3636; x_wconf 68' lang='lat' dir='ltr'><strong>asapiencia</strong></span> <span class='ocrx_word' id='word_1_251' title='bbox 819 3568 933 3636; x_wconf 76' lang='lat' dir='ltr'><strong>benigne</strong></span> <span class='ocrx_word' id='word_1_252' title='bbox 949 3567 995 3621; x_wconf 85' lang='lat' dir='ltr'><strong>nel</strong></span> <span class='ocrx_word' id='word_1_253' title='bbox 1017 3567 1178 3621; x_wconf 72' lang='lat' dir='ltr'><strong>masticantis</strong></span> <span class='ocrx_word' id='word_1_254' title='bbox 1195 3566 1336 3634; x_wconf 84' lang='lat' dir='ltr'><strong>patienter</strong></span> <span class='ocrx_word' id='word_1_255' title='bbox 1356 3580 1409 3628; x_wconf 87' lang='lat' dir='ltr'><strong>ece,</strong></span> <span class='ocrx_word' id='word_1_256' title='bbox 1428 3564 1476 3632; x_wconf 76' lang='lat' dir='ltr'><strong>qai</strong></span> 
     </span>
     <span class='ocr_line' id='line_1_31' title="bbox 330 3652 1475 3730; baseline -0.007 -15"><span class='ocrx_word' id='word_1_257' title='bbox 330 3668 380 3715; x_wconf 84' lang='lat' dir='ltr'><strong>ont</strong></span> <span class='ocrx_word' id='word_1_258' title='bbox 397 3661 506 3730; x_wconf 70' lang='lat' dir='ltr'><strong>indigni</strong></span> <span class='ocrx_word' id='word_1_259' title='bbox 522 3662 580 3713; x_wconf 86' lang='lat' dir='ltr'><strong>sint</strong></span> <span class='ocrx_word' id='word_1_260' title='bbox 594 3657 783 3712; x_wconf 71' lang='lat' dir='ltr'><strong>immolentis</strong></span> <span class='ocrx_word' id='word_1_261' title='bbox 796 3657 856 3711; x_wconf 81' lang='lat' dir='ltr'><strong>eise</strong></span> <span class='ocrx_word' id='word_1_262' title='bbox 867 3663 983 3725; x_wconf 78' lang='lat' dir='ltr'><strong>propter</strong></span> <span class='ocrx_word' id='word_1_263' title='bbox 995 3657 1086 3710; x_wconf 83' lang='lat' dir='ltr'><strong>malea</strong></span> <span class='ocrx_word' id='word_1_264' title='bbox 1098 3671 1185 3709; x_wconf 83' lang='lat' dir='ltr'><strong>morea</strong></span> <span class='ocrx_word' id='word_1_265' title='bbox 1198 3660 1249 3707; x_wconf 82' lang='lat' dir='ltr'><strong>ont</strong></span> <span class='ocrx_word' id='word_1_266' title='bbox 1262 3654 1288 3708; x_wconf 81' lang='lat' dir='ltr'><strong>ei</strong></span> <span class='ocrx_word' id='word_1_267' title='bbox 1298 3652 1475 3720; x_wconf 69' lang='lat' dir='ltr'><strong>insidientur,</strong></span> 
     </span>
     <span class='ocr_line' id='line_1_32' title="bbox 327 3740 1474 3819; baseline -0.009 -15"><span class='ocrx_word' id='word_1_268' title='bbox 327 3749 441 3819; x_wconf 79' lang='lat' dir='ltr'><strong>idqsod</strong></span> <span class='ocrx_word' id='word_1_269' title='bbox 455 3749 488 3803; x_wconf 86' lang='lat' dir='ltr'><strong>de</strong></span> <span class='ocrx_word' id='word_1_270' title='bbox 502 3747 648 3816; x_wconf 68' lang='lat' dir='ltr'><strong>dismpniis</strong></span> <span class='ocrx_word' id='word_1_271' title='bbox 662 3746 769 3800; x_wconf 81' lang='lat' dir='ltr'><strong>domini</strong></span> <span class='ocrx_word' id='word_1_272' title='bbox 781 3745 1019 3813; x_wconf 80' lang='lat' dir='ltr'><strong>nonpoteetdics)</strong></span> <span class='ocrx_word' id='word_1_273' title='bbox 1065 3740 1338 3813; x_wconf 72' lang='lat' dir='ltr'><strong>drepraesentareF</strong></span> <span class='ocrx_word' id='word_1_274' title='bbox 1379 3743 1474 3795; x_wconf 69' lang='lat' dir='ltr'><strong>tcon-</strong></span> 
     </span>
    </p>
   </div>
   <div class='ocr_carea' id='block_1_4' title="bbox 327 3825 1476 4381">
    <p class='ocr_par' dir='ltr' id='par_1_5' title="bbox 327 3825 1476 4381">
     <span class='ocr_line' id='line_1_33' title="bbox 328 3825 1475 3929; baseline -0.008 -10"><span class='ocrx_word' id='word_1_275' title='bbox 328 3865 419 3920; x_wconf 85' lang='lat' dir='ltr'><strong>deutis</strong></span> <span class='ocrx_word' id='word_1_276' title='bbox 437 3862 468 3919; x_wconf 74' lang='lat' dir='ltr'><em>F</em></span> <span class='ocrx_word' id='word_1_277' title='bbox 536 3862 571 3918; x_wconf 87' lang='lat' dir='ltr'><strong>lo</strong></span> <span class='ocrx_word' id='word_1_278' title='bbox 590 3861 742 3915; x_wconf 88' lang='lat' dir='ltr'><strong>noluissent</strong></span> <span class='ocrx_word' id='word_1_279' title='bbox 760 3858 791 3915; x_wconf 88' lang='lat' dir='ltr'><em>N</em></span> <span class='ocrx_word' id='word_1_280' title='bbox 851 3862 882 3915; x_wconf 98' lang='grc'><strong>11</strong></span> <span class='ocrx_word' id='word_1_281' title='bbox 902 3825 1033 3915; x_wconf 72' lang='lat' dir='ltr'><strong>ducentia</strong></span> <span class='ocrx_word' id='word_1_282' title='bbox 1052 3859 1080 3914; x_wconf 92' lang='lat' dir='ltr'><strong><em>P</em></strong></span> <span class='ocrx_word' id='word_1_283' title='bbox 1100 3863 1181 3929; x_wconf 82' lang='lat' dir='ltr'><strong>(cors.</strong></span> <span class='ocrx_word' id='word_1_284' title='bbox 1200 3862 1282 3925; x_wconf 85' lang='lat' dir='ltr'><strong>m.1;</strong></span> <span class='ocrx_word' id='word_1_285' title='bbox 1304 3858 1332 3912; x_wconf 85' lang='lat' dir='ltr'><em>R</em></span> <span class='ocrx_word' id='word_1_286' title='bbox 1354 3857 1475 3927; x_wconf 80' lang='lat' dir='ltr'><strong>neaspini</strong></span> 
     </span>
     <span class='ocr_line' id='line_1_34' title="bbox 330 3944 1476 4021; baseline -0.008 -14"><span class='ocrx_word' id='word_1_287' title='bbox 330 3952 489 4021; x_wconf 76' lang='lat' dir='ltr'><strong>adscripsit:</strong></span> <span class='ocrx_word' id='word_1_288' title='bbox 508 3950 580 4005; x_wconf 86' lang='lat' dir='ltr'><strong>Hire.</strong></span> <span class='ocrx_word' id='word_1_289' title='bbox 599 3949 695 4004; x_wconf 90' lang='lat' dir='ltr'><strong>habet:</strong></span> <span class='ocrx_word' id='word_1_290' title='bbox 716 3948 858 4018; x_wconf 88' lang='lat' dir='ltr'><strong>discentis)</strong></span> <span class='ocrx_word' id='word_1_291' title='bbox 951 3950 984 4003; x_wconf 89' lang='grc'><strong>12</strong></span> <span class='ocrx_word' id='word_1_292' title='bbox 1002 3952 1033 4002; x_wconf 90' lang='lat' dir='ltr'><strong>ct</strong></span> <span class='ocrx_word' id='word_1_293' title='bbox 1050 3964 1101 4003; x_wconf 83' lang='lat' dir='ltr'><strong>om.</strong></span> <span class='ocrx_word' id='word_1_294' title='bbox 1120 3944 1151 4000; x_wconf 84' lang='lat' dir='ltr'><em>F</em></span> <span class='ocrx_word' id='word_1_295' title='bbox 1241 3947 1273 4002; x_wconf 86' lang='grc'><strong>15</strong></span> <span class='ocrx_word' id='word_1_296' title='bbox 1291 3962 1428 4016; x_wconf 88' lang='lat' dir='ltr'><strong>nunqnam</strong></span> <span class='ocrx_word' id='word_1_297' title='bbox 1445 3944 1476 3998; x_wconf 85' lang='lat' dir='ltr'><em>F</em></span> 
     </span>
     <span class='ocr_line' id='line_1_35' title="bbox 330 4032 1473 4108; baseline -0.01 -11"><span class='ocrx_word' id='word_1_298' title='bbox 330 4044 363 4097; x_wconf 92' lang='grc'><strong>16</strong></span> <span class='ocrx_word' id='word_1_299' title='bbox 381 4040 528 4095; x_wconf 88' lang='lat' dir='ltr'><strong>subiendae</strong></span> <span class='ocrx_word' id='word_1_300' title='bbox 547 4038 585 4093; x_wconf 81' lang='lat' dir='ltr'><strong><em>M</em></strong></span> <span class='ocrx_word' id='word_1_301' title='bbox 599 4040 654 4107; x_wconf 90' lang='lat' dir='ltr'><strong>(ieu</strong></span> <span class='ocrx_word' id='word_1_302' title='bbox 673 4056 707 4094; x_wconf 76' lang='lat' dir='ltr'><strong>ea</strong></span> <span class='ocrx_word' id='word_1_303' title='bbox 723 4039 804 4108; x_wconf 85' lang='lat' dir='ltr'><strong>icien)</strong></span> <span class='ocrx_word' id='word_1_304' title='bbox 824 4038 890 4105; x_wconf 78' lang='lat' dir='ltr'><strong>NF,</strong></span> <span class='ocrx_word' id='word_1_305' title='bbox 909 4038 1083 4093; x_wconf 87' lang='lat' dir='ltr'><strong>subiciendae</strong></span> <span class='ocrx_word' id='word_1_306' title='bbox 1102 4036 1130 4089; x_wconf 95' lang='lat' dir='ltr'><strong><em>P</em></strong></span> <span class='ocrx_word' id='word_1_307' title='bbox 1146 4038 1228 4102; x_wconf 80' lang='lat' dir='ltr'><strong>(corr.</strong></span> <span class='ocrx_word' id='word_1_308' title='bbox 1242 4036 1289 4103; x_wconf 85' lang='lat' dir='ltr'><strong>R),</strong></span> <span class='ocrx_word' id='word_1_309' title='bbox 1307 4032 1473 4103; x_wconf 87' lang='lat' dir='ltr'><strong>subigendae</strong></span> 
     </span>
     <span class='ocr_line' id='line_1_36' title="bbox 327 4122 1473 4201; baseline -0.009 -15"><span class='ocrx_word' id='word_1_310' title='bbox 327 4133 406 4201; x_wconf 76' lang='lat' dir='ltr'><strong>Bmp,</strong></span> <span class='ocrx_word' id='word_1_311' title='bbox 421 4128 576 4185; x_wconf 84' lang='lat' dir='ltr'><strong>subeundae</strong></span> <span class='ocrx_word' id='word_1_312' title='bbox 589 4129 645 4184; x_wconf 87' lang='lat' dir='ltr'><strong>RB</strong></span> <span class='ocrx_word' id='word_1_313' title='bbox 663 4130 747 4200; x_wconf 59' lang='lat' dir='ltr'><strong>nabo</strong></span> <span class='ocrx_word' id='word_1_314' title='bbox 785 4130 817 4185; x_wconf 87' lang='grc'><strong>11</strong></span> <span class='ocrx_word' id='word_1_315' title='bbox 837 4129 996 4183; x_wconf 86' lang='lat' dir='ltr'><strong>uerberatur</strong></span> <span class='ocrx_word' id='word_1_316' title='bbox 1012 4125 1112 4182; x_wconf 80' lang='lat' dir='ltr'><strong><em>MNF.</em></strong></span> <span class='ocrx_word' id='word_1_317' title='bbox 1130 4124 1286 4195; x_wconf 85' lang='lat' dir='ltr'><strong>flagellatur</strong></span> <span class='ocrx_word' id='word_1_318' title='bbox 1299 4122 1332 4178; x_wconf 85' lang='lat' dir='ltr'><em>N</em></span> <span class='ocrx_word' id='word_1_319' title='bbox 1365 4123 1399 4179; x_wconf 86' lang='grc'><strong>16</strong></span> <span class='ocrx_word' id='word_1_320' title='bbox 1416 4122 1473 4177; x_wconf 84' lang='lat' dir='ltr'><strong>ioe-</strong></span> 
     </span>
     <span class='ocr_line' id='line_1_37' title="bbox 329 4212 1472 4289; baseline -0.009 -13"><span class='ocrx_word' id='word_1_321' title='bbox 329 4221 369 4276; x_wconf 87' lang='lat' dir='ltr'><strong>dis</strong></span> <span class='ocrx_word' id='word_1_322' title='bbox 389 4218 480 4275; x_wconf 89' lang='lat' dir='ltr'><strong>oribus</strong></span> <span class='ocrx_word' id='word_1_323' title='bbox 500 4220 527 4274; x_wconf 87' lang='lat' dir='ltr'><strong><em>P</em></strong></span> <span class='ocrx_word' id='word_1_324' title='bbox 545 4223 625 4287; x_wconf 80' lang='lat' dir='ltr'><strong>(corr.</strong></span> <span class='ocrx_word' id='word_1_325' title='bbox 643 4219 681 4286; x_wconf 80' lang='lat' dir='ltr'><strong>R)</strong></span> <span class='ocrx_word' id='word_1_326' title='bbox 736 4221 770 4274; x_wconf 87' lang='grc'><strong>19</strong></span> <span class='ocrx_word' id='word_1_327' title='bbox 790 4217 990 4289; x_wconf 86' lang='lat' dir='ltr'><strong>aequanimitas</strong></span> <span class='ocrx_word' id='word_1_328' title='bbox 1007 4214 1040 4271; x_wconf 80' lang='lat' dir='ltr'><em>F</em></span> <span class='ocrx_word' id='word_1_329' title='bbox 1089 4216 1125 4270; x_wconf 84' lang='grc'><strong>20</strong></span> <span class='ocrx_word' id='word_1_330' title='bbox 1142 4216 1206 4269; x_wconf 91' lang='lat' dir='ltr'><strong>buic</strong></span> <span class='ocrx_word' id='word_1_331' title='bbox 1224 4214 1269 4268; x_wconf 88' lang='lat' dir='ltr'><strong>uel</strong></span> <span class='ocrx_word' id='word_1_332' title='bbox 1286 4212 1318 4268; x_wconf 84' lang='lat' dir='ltr'>F</span> <span class='ocrx_word' id='word_1_333' title='bbox 1370 4212 1404 4267; x_wconf 90' lang='grc'><strong>21</strong></span> <span class='ocrx_word' id='word_1_334' title='bbox 1424 4228 1472 4282; x_wconf 88' lang='lat' dir='ltr'><strong>pa·</strong></span> 
     </span>
     <span class='ocr_line' id='line_1_38' title="bbox 327 4306 771 4381; baseline -0.005 -17"><span class='ocrx_word' id='word_1_335' title='bbox 327 4310 453 4366; x_wconf 85' lang='lat' dir='ltr'><strong>bientiam</strong></span> <span class='ocrx_word' id='word_1_336' title='bbox 473 4308 533 4374; x_wconf 88' lang='lat' dir='ltr'><strong>PF,</strong></span> <span class='ocrx_word' id='word_1_337' title='bbox 552 4310 687 4381; x_wconf 86' lang='lat' dir='ltr'><strong>patientia</strong></span> <span class='ocrx_word' id='word_1_338' title='bbox 705 4306 771 4362; x_wconf 86' lang='lat' dir='ltr'><strong>MN</strong></span> 
     </span>
    </p>
   </div>
   <div class='ocr_carea' id='block_1_5' title="bbox 0 0 1630 4951">
    <p class='ocr_par' dir='ltr' id='par_1_6' title="bbox 0 0 1630 4951">
     <span class='ocr_line' id='line_1_39' title="bbox 0 0 1630 4951; baseline 0 0"><span class='ocrx_word' id='word_1_339' title='bbox 0 0 1630 4951; x_wconf 95' lang='lat' dir='ltr'><strong> </strong></span> 
     </span>
    </p>
   </div>
  </div>
 </body>
</html>
