3250 4959
345 388 409 449 412
572 382 688 447 Quinti
712 382 852 451 Septimi
870 381 1043 435 Florentia
1061 380 1266 434 Tertulliani

345 582 412 642 tam
437 581 543 642 sancta
568 576 718 661 religione
744 580 775 641 et
799 576 901 642 fidelis
926 596 962 640 ex
989 573 1238 662 resurreetione]
1270 596 1343 641 nam
1372 580 1406 641 et
1431 576 1488 641 h'a-

344 685 419 749 than
449 683 603 766 propheta
631 684 661 747 in
691 683 829 748 secunda
852 683 1042 747 Basilicarum
1066 682 1296 764 professionem
1324 682 1366 747 ad
1389 684 1489 747 Dauid

345 791 421 855 lacit
449 790 561 854 semini
591 791 674 855 eius:
710 789 814 873 quod
844 791 932 866 erit,
965 790 1079 871 inquit,
1107 809 1149 854 ex
1177 794 1319 853 uentre
1349 790 1488 874 ipsius.

343 898 403 963 hoo
423 898 450 963 si
469 898 500 961 in
521 896 722 963 Salomonem
741 896 931 979 simpliciter
950 896 1117 973 edisseres,
1134 896 1235 963 risum
1249 896 1330 960 mihi
1344 897 1488 962 incuties.

344 1003 505 1069 uidebitur
524 1004 606 1068 euim
621 1002 726 1069 Dauid
744 1003 906 1085 peperisse
925 1002 1137 1069 Salomonem.
1162 1023 1200 1067 an
1220 1007 1252 1067 et
1270 1003 1324 1067 hic
1344 1002 1489 1069 Christus
1512 1028 1524 1069 s

344 1110 541 1193 significatur
569 1130 605 1175 ex
633 1129 669 1175 eo
698 1115 809 1174 uentre
838 1129 945 1174 semen
973 1110 1088 1185 Dauid,
1120 1110 1173 1192 qui
1202 1113 1287 1175 esset
1314 1130 1352 1175 ex
1376 1110 1490 1183 Dauid,

344 1217 375 1281 id
399 1220 449 1282 est
467 1217 606 1281 Mariae?
631 1216 704 1299 quia
724 1221 755 1280 et
774 1216 884 1281 aedem
905 1216 955 1280 dei
975 1216 1078 1299 magis
1098 1215 1245 1282 Christus
1264 1216 1489 1281 aedificaturus

343 1327 438 1400 esset,
463 1324 623 1388 hominem
647 1323 771 1387 seilicet
794 1325 950 1397 sanctum,
973 1323 1005 1386 in
1029 1342 1091 1405 quo
1114 1323 1237 1404 potiore
1260 1323 1384 1405 templo
1408 1324 1488 1387 inhe-

342 1430 459 1494 bitaret
486 1429 536 1493 dei
566 1429 708 1509 spiritus,
738 1431 769 1492 et
796 1423 828 1492 in
857 1428 907 1492 dei
935 1427 1035 1491 filium
1059 1427 1163 1511 magis
1187 1428 1336 1493 Christus
1362 1428 1490 1491 baberet

343 1555 413 1600 esse
433 1554 526 1619 quam
547 1535 706 1611 Salomon,
726 1534 814 1599 filius
834 1534 947 1598 Dauid.
972 1534 1107 1616 denique
1127 1539 1159 1598 et
1177 1534 1310 1599 thronus
1325 1534 1359 1598 iu
1376 1553 1488 1599 aeuum
1503 1562 1523 1597 o

343 1647 375 1707 et
397 1662 529 1726 regnum
553 1644 585 1707 in
610 1661 724 1707 aeuum
748 1642 852 1725 magis
872 1640 999 1707 Christo
1024 1641 1177 1722 competit
1201 1660 1297 1723 quam
1317 1640 1488 1717 Salomoni,

342 1750 509 1833 temporali
533 1750 656 1815 scilicet
680 1749 756 1833 regi.
777 1748 833 1814 sed
856 1749 920 1831 (st)
939 1768 959 1811 a
977 1747 1102 1813 Christo
1122 1748 1340 1813 misericordia
1360 1748 1413 1813 dei
1431 1770 1488 1813 non

342 1857 510 1935 abscessit,
535 1856 694 1922 Salomoni
718 1875 793 1919 uero
819 1856 915 1919 etiam
939 1856 987 1919 ira
1009 1854 1060 1919 dei
1083 1854 1222 1919 accessit
1239 1859 1315 1938 post
1331 1856 1488 1921 luxuriam

342 1968 375 2027 et
406 1963 594 2028 idolatriam.
627 1962 799 2029 suseitauit
831 1962 914 2026 enim
947 1961 995 2025 illi
1018 1960 1114 2027 Satan
1139 1962 1266 2027 hostem
1287 1962 1487 2027 Idumaeum.

342 2091 415 2135 curn
444 2090 518 2155 ergo
543 2070 622 2134 nihil
645 2069 758 2134 horum
782 2072 944 2151 competat
966 2070 998 2132 iu
1022 2068 1236 2144 Salomonem,
1264 2070 1378 2134 sedin
1402 2069 1487 2135 Chri·
1503 2092 1524 2131 a

342 2184 439 2254 stum,
469 2180 553 2241 certa
577 2177 637 2240 erit
658 2176 738 2240 ratio
763 2174 1060 2257 interpretationum
1084 2179 1274 2253 nostrarum,
1297 2174 1370 2259 ipso
1394 2178 1486 2241 etiam

342 2284 426 2348 exilu
455 2302 560 2347 rerum
583 2282 743 2365 probante,
773 2301 852 2363 quas
880 2282 912 2345 iu
937 2280 1099 2346 Christum
1124 2284 1255 2365 apparet
1280 2282 1487 2363 praedicatas.

342 2396 373 2454 et
396 2391 442 2454 ita
464 2389 495 2453 in
520 2390 579 2453 hoc
604 2394 696 2453 erunt
719 2392 830 2453 sancta
853 2392 885 2452 et
906 2386 1013 2452 fidelia
1035 2387 1154 2464 Dauid;
1183 2389 1266 2452 hune
1295 2388 1376 2452 deus
1401 2389 1486 2453 testi·

340 2498 482 2561 monium
506 2494 685 2559 nationibus
709 2496 828 2577 posuit,
850 2514 911 2559 non
935 2495 1051 2571 Dauid,
1079 2495 1254 2578 principem
1278 2498 1312 2559 et
1333 2495 1486 2576 imperau-

340 2610 405 2666 tem
420 2602 612 2680 nationibus,
627 2622 688 2667 non
702 2602 819 2679 Dauid,
835 2602 890 2683 qui
904 2602 966 2667 soli
978 2602 1112 2666 Israheli
1125 2601 1306 2683 imperauit.
1322 2600 1484 2666 Christum
1500 2624 1524 2665 a

340 2709 433 2773 hodie
456 2710 606 2775 inuocant
624 2710 777 2786 nationes,
803 2726 884 2790 quae
903 2727 977 2771 eum
994 2728 1055 2774 non
1079 2708 1232 2783 sciebant,
1256 2710 1288 2772 et
1312 2710 1426 2792 populi
1447 2708 1485 2772 ad

341 2817 502 2883 Christum
522 2816 616 2883 hodie
636 2817 835 2901 confugiunt,
855 2835 948 2898 quern
971 2820 1053 2881 retro
1076 2815 1273 2901 ignorabant.
1296 2834 1358 2881 uon
1383 2820 1487 2900 potest
1605 2793 1606 2862 l

340 2926 483 2988 futurum
508 2924 570 2988 dici
594 2924 678 3006 quod
703 2922 793 2987 uides
817 2922 893 2987 fieri.

386 3032 439 3093 21.
469 3028 521 3093 Sic
550 3047 607 3093 uec
635 3030 723 3093 illam
751 3028 953 3093 iniectionem
982 3032 1071 3093 tuam
1099 3031 1190 3110 potes
1218 3028 1332 3093 sistere
1361 3029 1403 3094 ad
1430 3029 1485 3092 dil·

340 3138 505 3202 lerentiam
525 3136 657 3201 duorum
679 3136 888 3213 Christorum,
909 3137 1000 3219 quasi
1019 3136 1169 3200 Iudaicus
1189 3136 1317 3219 quidem
1338 3134 1524 3201 Christusne
1604 3147 1605 3198 l

338 3244 456 3327 populo
490 3244 552 3309 soli
584 3264 619 3309 ex
651 3244 847 3325 dispersione
879 3242 1050 3326 redigendo
1084 3242 1262 3307 destinetur
1288 3262 1307 3305 a
1334 3248 1483 3309 creatore.
1604 3205 1605 3270 l

339 3354 446 3415 uester
469 3367 544 3415 uero
570 3348 653 3415 omni
678 3349 814 3413 humano
839 3347 946 3431 generi
969 3347 1130 3414 liberando
1153 3349 1299 3413 conlatus
1322 3348 1368 3413 sit
1390 3349 1484 3414 adeo

428 3540 705 3611 3111Reg.7,1s.
775 3539 800 3608 7]
822 3536 1094 3608 cf.11seg.r,rs.
1162 3538 1190 3609 9]
1211 3536 1377 3609 cillReg.
1398 3541 1483 3606 ’1,11.

341 3630 383 3695 101
405 3629 438 3683 ci.
458 3628 486 3681 11
505 3628 572 3697 lieg.
592 3630 616 3697 7,
637 3628 678 3681 13.
736 3629 778 3700 12]
799 3628 832 3681 cl.
852 3626 880 3680 11
899 3627 967 3696 Reg.
987 3628 1012 3695 7,
1033 3630 1073 3683 15.
1130 3629 1175 3697 141
1196 3627 1229 3684 cf.
1244 3626 1287 3681 Ill
1301 3626 1368 3696 Reg.
1385 3630 1427 3694 ll,
1444 3630 1483 3681 14.

341 3720 383 3785 IS!
405 3716 438 3771 cs.
458 3717 502 3771 Es.
523 3720 566 3783 55,
586 3716 610 3769 3.
684 3716 716 3769 cf.
736 3716 778 3770 Es.
800 3716 843 3781 55,
863 3718 887 3769 4.
943 3718 989 3785 201
1010 3714 1043 3772 ci.
1062 3714 1107 3769 Es.
1128 3718 1171 3780 55,
1190 3718 1214 3771 5.

375 3842 464 3893 ltam
485 3838 556 3898 MR.
575 3840 627 3891 iarn
647 3838 702 3905 Rip
775 3838 929 3891 ‘Zsecunda
948 3839 1034 3891 Pom:
1055 3838 1142 3907 prima
1161 3838 1222 3892 Jffl
1310 3838 1485 3893 basilicarum
1602 3881 1603 3890 .

337 3928 373 3981 ,11
444 3930 638 3996 professionem
666 3928 701 3995 R,
729 3929 896 3996 protessione
924 3927 988 3979 MF
1039 3928 1055 3979 3
1083 3926 1180 3979 semini
1208 3926 1267 3979 eius
1294 3926 1366 3987 MR,
1394 3944 1484 3981 semen

335 4020 414 4070 tuum
437 4017 510 4069 Pam
593 4016 679 4084 ipsius
704 4017 774 4080 MR,
798 4024 846 4069 tuo
868 4015 942 4069 Pom
997 4016 1102 4083 iquia
1123 4015 1193 4075 MR,
1217 4016 1281 4085 quin
1309 4015 1362 4069 Cre
1421 4018 1484 4069 9et

336 4106 363 4159 in
379 4106 421 4173 11,
440 4106 467 4159 in
484 4106 603 4173 Rurrlpo
676 4105 791 4159 haberet
810 4121 869 4157 esse
886 4104 985 4172 acropoi
1003 4106 1049 4170 (cs.
1070 4105 1123 4157 erit
1135 4104 1203 4157 mihi
1221 4104 1249 4158 in
1268 4104 1352 4159 filium
1368 4105 1408 4159 ΙΙ
1418 4106 1483 4175 Rea.

339 4198 363 4254 7,
379 4198 436 4258 rh:
451 4194 591 4247 habendus
605 4194 747 4249 esserum
786 4196 819 4247 12
832 4194 899 4262 regi.
913 4194 961 4245 sed
973 4197 1041 4260 (et)
1053 4192 1123 4262 Rip:
1136 4194 1209 4262 regis
1223 4193 1308 4261 eom,
1323 4196 1382 4264 regi
1394 4194 1440 4247 sed
1455 4193 1483 4247 R
1601 4237 1602 4250 .

338 4284 370 4335 14
384 4283 431 4336 <io
446 4286 506 4348 est>
521 4284 625 4335 hostem
641 4285 713 4337 Pom
751 4286 783 4337 19
798 4301 851 4337 non
866 4283 956 4337 Dauid
974 4283 1079 4336 secludi
1097 4284 1159 4337 areli
1172 4283 1237 4352 Eup
1272 4284 1306 4337 23
1322 4284 1376 4337 dici
1390 4298 1442 4339 osu.
1455 4282 1486 4337 F
