3250 4959
439 363 500 417 Vll.
519 363 689 418 Aduersus
707 365 907 418 Marcionem
925 365 973 420 lib.
993 365 1021 419 11
1039 368 1065 423 9.
1268 371 1331 433 347

179 560 347 623 homiuem
375 560 488 623 tibiam
517 560 641 637 seceris,
674 578 866 641 quamquam
900 560 938 624 de
972 561 1076 625 anima
1107 565 1165 626 tna
1196 561 1334 628 flaueria.

182 666 273 730 sicut
291 671 322 729 et
341 667 420 730 deus
440 666 479 729 de
498 667 615 749 spiritu
634 685 703 732 suo.
736 666 871 748 denique
891 687 963 732 cum
987 669 1154 733 manifeste
1178 669 1336 752 scriptura

184 773 274 836 dicat
301 773 395 837 flasse
424 773 518 837 deum
547 773 578 836 in
607 773 719 836 faciem
748 773 886 837 bominis
916 778 948 838 et
975 774 1094 838 lactum
1120 776 1278 839 bominem
1302 777 1333 840 in

184 880 324 944 animam
347 881 466 954 uiuam,
495 899 556 944 non
578 881 611 943 in
637 879 785 962 spiritum
810 881 1051 957 uiuificatorem,
1080 883 1242 965 separauit
1265 901 1333 947 eam

146 1005 205 1049 aa
234 986 420 1050 condicione
452 986 591 1051 factoris.
630 1005 709 1069 opus
743 987 828 1050 enim
861 987 947 1051 aliud
980 987 1023 1052 sit
1055 1008 1183 1054 necesse
1217 993 1267 1052 est
1297 991 1334 1054 ab

184 1093 317 1170 artifice,
337 1093 370 1156 id
390 1097 440 1157 est
458 1093 590 1158 inferius
610 1093 739 1158 artifice.
762 1113 820 1158 uec
839 1113 954 1158 urceus
975 1095 1058 1159 enim
1077 1096 1180 1160 factus
1201 1115 1219 1159 a
1237 1095 1334 1180 figulo

185 1199 257 1281 ipse
285 1200 346 1264 erit
371 1200 505 1284 figulum
543 1200 589 1264 ita
616 1220 673 1265 nec
702 1200 838 1265 adflatus
866 1201 970 1265 factus
1000 1222 1017 1265 a
1042 1202 1156 1285 spiritu
1180 1201 1251 1266 ideo
1276 1203 1336 1266 erit

185 1306 332 1387 spin'tns.
351 1307 457 1389 ipsum
478 1307 563 1389 quod
581 1307 687 1371 anima
705 1309 866 1372 uocitatus
888 1313 937 1372 est
951 1308 1056 1384 flatus,
1076 1309 1160 1373 uide.
1182 1329 1219 1372 ne
1239 1310 1335 1373 etiam

185 1413 225 1476 de
246 1412 381 1478 adflatus
402 1415 583 1478 condicione
602 1415 764 1479 transierit
782 1415 814 1478 in
830 1415 968 1497 aliquam
985 1417 1219 1480 diminutiorem
1236 1417 1335 1499 quali-

136 1545 165 1584 ιο
185 1524 297 1585 tatem.
335 1541 421 1605 ergo,
452 1523 568 1605 inquis,
599 1523 715 1586 dedisti
739 1523 860 1586 animae
885 1517 1099 1587 infirmitatem
1125 1543 1220 1605 snpra
1244 1543 1335 1608 nega-

185 1635 264 1691 tam.
288 1629 391 1710 piane,
416 1648 486 1694 cum
512 1630 600 1693 illam
626 1629 726 1713 exigis
750 1628 807 1695 deo
832 1649 950 1710 parem.
976 1630 1006 1693 id
1032 1635 1081 1694 est
1104 1631 1211 1694 delicti
1235 1631 1335 1695 inmu-

186 1755 270 1810 nem,
287 1735 357 1798 dico
372 1735 543 1811 infirmam3
559 1754 633 1800 cum
648 1755 723 1801 uero
739 1736 778 1798 ad
794 1737 941 1818 angelum
956 1739 1157 1819 prouocatur,
1172 1737 1334 1800 fortiorem

186 1841 352 1906 defendam
379 1861 509 1907 neeesse
536 1847 586 1906 est
614 1841 778 1907 dominum
807 1843 1037 1920 uniuersitatis,
1059 1845 1110 1907 cui
1138 1845 1201 1906 iam
1231 1843 1335 1928 angeli

187 1948 419 2025 administrant,
443 1949 498 2031 qui
517 1949 613 2012 etiarn
633 1949 762 2034 angelos
781 1949 982 2014 iudicaturus
1002 1953 1060 2019 est,
1085 1950 1112 2014 si
1136 1951 1167 2012 iu
1192 1951 1242 2014 dei
1266 1952 1335 2033 lege

139 2077 167 2117 rs
187 2056 378 2133 constiterit,
407 2055 492 2138 quod
519 2057 550 2119 in
574 2056 747 2140 primordio
771 2056 882 2122 noluit.
919 2055 979 2121 boc
1002 2057 1108 2138 ipsum
1133 2075 1206 2139 ergo
1231 2057 1337 2139 potuit

187 2161 324 2226 adflatus
348 2162 399 2226 dei
423 2163 605 2239 admittere3
630 2163 746 2246 potuit,
771 2162 827 2226 sed
852 2182 912 2226 non
937 2163 1057 2229 debuit.
1086 2164 1227 2247 potuisse
1252 2165 1334 2227 enirn

187 2267 303 2332 babuit
329 2287 385 2351 per
412 2269 610 2333 substantiae
635 2271 818 2346 exilitatem,
848 2289 910 2351 qua
933 2270 1079 2346 adtletae,
1108 2289 1168 2334 non
1193 2269 1335 2351 spiritua,

187 2395 250 2438 neu
279 2374 427 2440 debuisse
455 2382 561 2440 autern
591 2395 646 2459 per·
674 2376 794 2440 arbitrii
825 2380 1029 2458 potestatem,
1063 2395 1125 2458 qua
1151 2376 1241 2449 liber,
1275 2395 1336 2440 non

189 2501 313 2558 seruus,
338 2484 510 2548 adsistente
531 2484 666 2567 amplius
686 2483 953 2548 demonstratione
973 2503 1033 2548 non
1054 2484 1257 2566 delinquendi
1277 2486 1335 2548 sub

139 2587 433 2654 eo'cumminatione
455 2591 620 2664 moriendi,
645 2610 707 2672 qua
730 2591 968 2654 substrueretur
990 2590 1188 2654 substantiae
1213 2591 1336 2655 exilitas

190 2703 222 2760 et
253 2699 417 2780 regeretur
449 2698 622 2762 sententiae
654 2697 793 2761 libertae.
838 2697 946 2778 itaque
979 2717 1038 2762 non
1072 2717 1128 2779 per
1159 2697 1238 2761 illud
1271 2699 1334 2762 iam

186 2802 290 2866 uideri
318 2807 425 2884 potest
448 2805 553 2868 anima
576 2804 759 2886 deliquisse,
790 2803 875 2886 quod
898 2803 945 2867 illi
971 2823 1042 2866 cnm
1068 2804 1125 2869 deu
1151 2805 1251 2868 adfine
1276 2809 1335 2870 est.

187 2910 220 2974 id
245 2912 295 2974 est
317 2930 373 2993 per
396 2911 557 2986 adflatum,
582 2911 638 2974 sed
661 2930 718 2992 per
739 2909 830 2985 illud,
858 2909 941 2993 qnod
966 2910 1164 2975 substantiae
1188 2913 1334 2976 accessit.

185 3016 219 3078 id
244 3021 294 3080 est
315 3036 371 3098 per
392 3017 527 3081 liberum
552 3017 727 3094 arbitrium,
748 3037 766 3080 a
785 3017 843 3081 deo
869 3017 997 3099 quidem
1020 3017 1217 3081 rationaliter
1240 3017 1336 3081 adtri-

136 3149 165 3189 es
186 3124 313 3201 butum,
337 3125 375 3188 ab
401 3126 525 3189 homine
556 3145 631 3188 uero
660 3145 722 3208 qua
750 3124 855 3189 uoluit
880 3126 1045 3208 agitatum.
1072 3125 1155 3206 quod
1180 3125 1208 3188 si
1230 3127 1276 3188 ita
1300 3145 1334 3190 se

186 3231 294 3304 babet,
314 3232 415 3296 omnis
431 3232 492 3295 iam
509 3233 559 3295 dei
575 3231 741 3313 dispositio
762 3231 800 3295 de
819 3232 895 3295 mali
915 3232 1152 3312 exprobratione
1172 3235 1334 3314 purgatur.

185 3337 318 3401 libertas
338 3337 420 3401 euim
441 3337 562 3400 arbitrii
582 3357 642 3401 non
663 3339 690 3400 ei
711 3337 836 3420 culpam
858 3357 948 3401 suram
968 3341 1107 3420 respuet,
1134 3357 1151 3400 a
1175 3355 1237 3418 quo
1263 3337 1334 3400 data

186 3452 246 3518 est,
270 3444 326 3508 sed
350 3463 368 3507 a
392 3465 454 3526 quo
478 3465 536 3509 non
562 3449 599 3509 ut
623 3446 733 3509 debuit
756 3443 977 3508 administrata
1001 3447 1060 3506 est.
1091 3441 1175 3526 quod
1201 3443 1334 3523 deniqne

184 3551 306 3615 malum
321 3551 480 3616 describes
496 3553 649 3616 creatori?
661 3553 688 3614 si
704 3551 856 3615 delictum
872 3550 1019 3625 hominis,
1032 3568 1092 3613 non
1109 3550 1169 3613 erit
1184 3549 1233 3613 dei
1250 3549 1333 3631 quod

70 3713 75 3723 ,
138 3685 168 3726 ao
187 3663 238 3722 est
251 3657 399 3737 hominia,
414 3678 471 3722 nec
489 3658 572 3722 idem
593 3659 755 3723 habendus
776 3661 825 3722 est
844 3657 952 3721 delicti
973 3661 1083 3720 arrctor
1102 3657 1154 3738 qui
1175 3657 1335 3720 inuenitur

186 3765 382 3830 interdictor.
406 3767 503 3830 immo
529 3770 560 3829 et
584 3767 817 3830 condemnator.
856 3765 882 3828 si
908 3783 992 3828 mors
1018 3765 1146 3840 malum,
1167 3782 1224 3826 nec
1248 3781 1332 3826 mors

277 3957 305 4024 31
325 3958 357 4012 cl.
378 3956 444 4011 Gen.
464 3958 488 4012 2.
510 3959 534 4010 7,
591 3959 635 4026 13]
657 3957 689 4010 cs.
709 3957 791 4010 Hebr.
815 3957 837 4022 1,
859 3957 899 4008 lt.
958 3955 1000 4022 14]
1021 3953 1053 4008 ci.
1075 3955 1086 4006 1
1107 3953 1167 4008 Cor.
1189 3955 1213 4016 6,
1234 3954 1258 4009 3.

223 4083 292 4134 ane
311 4083 391 4134 etiam
411 4081 454 4139 Μ.
474 4083 555 4134 etiam
575 4099 608 4133 ue
627 4081 655 4134 R
721 4081 739 4133 9
762 4079 964 4132 diminutiorem
988 4075 1057 4142 Mu,
1081 4077 1287 4130 deminutiorem
1306 4077 1334 4130 It

185 4172 273 4240 urrtpo
325 4172 360 4225 26
374 4169 457 4223 habet
471 4170 643 4238 Leopolrlua:
663 4170 765 4223 habent
779 4168 842 4222 MR
896 4169 930 4221 29
951 4167 1084 4220 describes
1100 4167 1135 4224 R.
1156 4166 1284 4220 discribas
1300 4167 1335 4219 M

187 4261 219 4312 31
242 4259 442 4328 condemnator,
462 4261 484 4312 ai
505 4264 639 4325 mortem,
659 4259 779 4328 [malum]
793 4258 865 4326 sort.
