3250 4959
310 406 374 469 306
540 400 656 467 Quinti
675 401 817 471 Septimi
836 402 1005 456 Florentia
1024 401 1230 458 Tertulliani

309 618 370 663 non
396 599 448 662 sit.
474 594 545 683 [non
570 597 689 662 habeus
713 598 758 662 rei
779 617 907 662 oausam
928 617 993 661 rem
1017 595 1134 684 ipsam]
1158 599 1189 662 in
1214 601 1339 662 tantum
1363 599 1453 664 deum

265 706 438 788 Odiguius
467 704 592 768 credam
621 725 682 768 non
712 725 782 770 esse
811 725 907 787 quum
936 725 1005 769 esse
1030 707 1097 770 sine
1121 701 1334 793 consulatue
1362 725 1455 770 causa

309 817 359 876 est
379 812 462 876 enim
482 811 535 894 qui
559 830 624 875 rem
645 829 705 875 non
726 811 869 875 habendo
889 831 949 876 non
968 813 1064 876 habet
1083 831 1221 878 causam.
1246 813 1325 878 dous
1350 816 1454 876 autern

310 918 378 983 sine
416 937 520 996 causa,
558 919 591 982 id
623 922 673 983 est
705 917 772 981 sine
804 937 848 994 re,
883 938 953 983 esse
986 938 1046 984 non
1081 919 1186 984 debet.
1206 915 1212 1007 Ι
1232 921 1278 983 ita
1311 921 1452 1002 quotiens

310 1024 440 1092 ostendo
469 1043 543 1089 eum
572 1025 639 1088 sine
672 1044 767 1089 cansa
800 1044 880 1102 esse,
915 1029 1078 1108 tamquam
1107 1026 1159 1100 sit,
1192 1026 1252 1090 hoo
1285 1026 1452 1093 constituo,
1481 1047 1491 1080 ³

309 1152 370 1197 non
391 1152 462 1196 esse
480 1132 584 1205 illum,
604 1132 679 1213 quia
703 1133 875 1208 siluisset,
900 1133 1027 1196 omnino
1047 1133 1115 1196 sine
1135 1152 1231 1197 causa
1250 1151 1311 1196 non
1333 1134 1452 1198 fuisset.

309 1241 357 1305 sio
380 1243 413 1303 et
434 1241 538 1322 ipsam
562 1239 657 1303 tidem
682 1238 750 1303 dico
776 1239 868 1303 illum
892 1240 959 1304 sine
984 1258 1079 1304 causo
1103 1238 1140 1303 ab
1165 1239 1293 1304 homine
1318 1251 1451 1321 captare.

309 1347 402 1411 aliter
429 1347 524 1410 solito
553 1346 648 1409 deum
677 1345 802 1409 credere
832 1365 867 1409 er
896 1365 1025 1426 operum
1056 1345 1244 1410 auctoritate
1272 1346 1451 1411 formatum.

309 1455 383 1535 qnia
407 1452 484 1516 nihil
508 1452 573 1516 tale
600 1452 772 1536 prospexit,
801 1471 858 1534 per
881 1453 966 1535 quod
994 1453 1088 1517 lromo
1113 1452 1207 1516 deum
1233 1452 1355 1517 didicit.
1384 1471 1450 1515 nam

309 1561 371 1624 etsi
399 1560 532 1624 credunt
557 1559 699 1642 plerique
727 1560 757 1622 in
791 1560 894 1635 illum,
928 1579 987 1623 non
1017 1560 1125 1624 statim
1158 1560 1279 1624 ratione
1313 1559 1449 1623 eredunt.
1469 1579 1491 1616 u·

308 1685 368 1730 non
397 1665 550 1729 habentes
579 1665 629 1728 dei
656 1665 784 1748 pignus,
813 1683 908 1747 opera
934 1665 1003 1728 eius
1031 1663 1090 1728 deo
1118 1663 1222 1748 digna.
1255 1665 1363 1747 itaque
1395 1664 1450 1728 hoc

308 1773 434 1837 nomine
463 1771 649 1836 cessationis
678 1775 710 1835 et
738 1771 925 1836 deiectionis
956 1790 1087 1853 operum
1116 1773 1148 1835 et
1175 1771 1391 1854 impudentiae
1421 1774 1451 1833 et

308 1879 517 1963 malignitatis
542 1878 653 1942 adfinis
677 1881 739 1942 est:
767 1878 994 1960 impudentiae.
1023 1877 1203 1960 quotidem
1227 1897 1287 1942 non
1316 1877 1450 1942 debitam

309 1987 370 2050 sibi
403 1989 519 2068 captat,
557 1985 608 2049 cui
640 1986 882 2068 praestruendae
915 1985 994 2048 nihil
1025 1985 1196 2066 prospexit,
1233 1983 1451 2068 malignitatis.

309 2113 371 2175 qua
393 2094 500 2176 plures
524 2092 755 2156 incredulitatis
779 2111 850 2156 reos
873 2091 960 2167 fecit,
984 2092 1064 2156 nihil
1087 2091 1160 2155 fidei
1183 2091 1389 2173 procurando.
1468 2109 1490 2148 1³

358 2200 405 2264 13.
434 2199 514 2263 Cum
543 2199 637 2262 deum
665 2198 726 2262 hoo
754 2198 852 2281 gradu
882 2199 1079 2281 expellimus,
1113 2198 1164 2261 cni
1196 2197 1285 2262 nulle
1317 2197 1450 2262 conditio

307 2309 374 2369 tam
392 2305 518 2388 propria
543 2308 575 2369 et
598 2305 656 2369 deo
680 2306 776 2388 digua
800 2324 894 2387 quarn
920 2307 1069 2370 creatoris
1096 2305 1317 2370 testimonium
1341 2305 1451 2389 praesi-

309 2413 422 2495 gnarit,
442 2429 546 2475 narem
572 2413 789 2476 contrahentes
809 2413 1080 2494 impudentissimi
1098 2413 1304 2477 Marcionitae
1328 2431 1451 2477 conuer-

308 2523 420 2582 tuntur
438 2517 478 2581 ad
497 2519 745 2583 destructionem
765 2538 895 2600 operum
916 2519 1074 2583 creatoris.
1095 2519 1277 2596 ‘nimirum',
1296 2519 1450 2600 inquiunt.

309 2625 434 2708 ‘grande
463 2645 543 2706 opus
569 2630 600 2688 et
625 2627 755 2708 dignum
782 2626 838 2690 deo
868 2627 1030 2690 mundus’!
1056 2626 1210 2709 numquid
1233 2645 1308 2710 ergo
1333 2631 1450 2690 creator
1467 2645 1488 2682 r·

308 2733 438 2796 minime
467 2733 567 2796 deus?
600 2733 693 2814 plane
727 2731 815 2796 deus.
849 2752 922 2817 ergo
951 2753 1007 2796 nec
1034 2733 1173 2797 mundus
1202 2732 1260 2796 deo
1288 2732 1449 2816 indignus:

307 2839 386 2902 nihil
409 2840 527 2902 etenim
551 2838 629 2903 dens
653 2839 817 2923 indignum
843 2859 877 2905 se
896 2840 1036 2904 fecisset.
1062 2841 1123 2903 etsi
1146 2840 1299 2903 mnndum
1323 2839 1450 2904 homini.

308 2965 368 3009 non
397 2946 459 3009 sibi
487 2945 572 3021 fecit,
606 2946 666 3008 etsi
696 2965 787 3009 omne
817 2965 896 3028 opus
924 2947 1055 3010 inferius
1085 2951 1135 3010 est
1168 2964 1225 3010 suo
1259 2945 1389 3010 artifice.
1421 2947 1450 3008 et

307 3059 423 3129 tamen,
453 3051 480 3114 si
505 3053 597 3133 quale
622 3052 697 3133 quid
725 3054 840 3117 fecisse
864 3052 1028 3136 indignum
1058 3058 1108 3117 est
1136 3052 1204 3132 deo,
1233 3057 1351 3135 quanto
1375 3052 1451 3116 indi·

308 3157 400 3239 gnius
429 3157 487 3221 deo
516 3165 566 3221 est
597 3158 676 3222 nihil
704 3178 777 3223 eum
811 3160 937 3222 omniuo
972 3159 1100 3223 fecisse!
1127 3179 1175 3222 *e
1198 3159 1252 3223 uel
1274 3158 1489 3242 indignumne

307 3283 369 3344 quo
393 3265 502 3345 posset
530 3264 625 3327 etiam
655 3264 834 3346 digniorum
868 3270 978 3328 auctor
1001 3267 1129 3347 sperari.
1162 3269 1199 3330 ut
1226 3283 1301 3350 ergo
1331 3263 1450 3346 aliquid

346 3545 356 3595 l
378 3543 553 3611 non-ipsam
572 3544 685 3596 occlusi:
704 3545 877 3612 interpolato
894 3551 960 3597 orriri
978 3545 1013 3597 ab
1028 3544 1126 3609 cedern,
1140 3545 1189 3612 qui
1203 3550 1227 3598 et
1240 3561 1328 3612 supra
1342 3543 1449 3598 eddidit

306 3632 334 3685 id
354 3638 396 3685 est
415 3633 472 3684 sine
486 3649 524 3698 re,
538 3631 661 3698 defendit
670 3633 734 3702 Enp
743 3650 797 3701 pro
812 3634 851 3686 rei
867 3633 1014 3687 recoribens
1028 3633 1069 3686 sui
1141 3651 1195 3686 rem
1212 3635 1298 3701 ipsam
1312 3633 1394 3692 Mlti.
1409 3649 1449 3686 res

306 3724 366 3791 ipsa
388 3721 427 3776 13²
500 3723 516 3773 2
538 3721 715 3775 sine-debet
736 3724 840 3790 prioris
862 3723 992 3776 editionis
1014 3739 1068 3776 erse
1091 3721 1183 3776 iudico
1265 3722 1338 3776 seir
1355 3739 1405 3776 om.
1423 3721 1453 3774 F

306 3861 323 3910 ὃ
342 3822 423 3926 opcrd
436 3859 472 3910 M
488 3863 569 3925 (corr.
587 3874 621 3910 m.
640 3860 665 3924 1)
730 3859 887 3925 somatum
903 3881 936 3901 -τ
951 3856 1126 3927 μορφωθὲντα
1144 3856 1310 3926 (cinrrsdldr'p,
1327 3855 1451 3926 pretfbur

304 3947 436 4016 peruucbt)
450 3953 482 3999 id
500 3948 620 4012 reddetur,
639 3946 675 4006 cs.
694 3946 774 4000 Rom.
794 3951 821 4008 2,
838 3951 892 4008 20,·
906 3971 939 3990 =
954 3947 1002 4013 qui
1020 3951 1059 3998 eei
1077 3945 1236 4015 (γενόμενον)
1254 3947 1451 4013 interpretator

306 4037 370 4102 Eup
388 4037 433 4102 (cs.
453 4036 502 4088 Ee.
524 4041 570 4093 43.
589 4041 647 4101 10),
665 4035 713 4087 sed
729 4037 827 4088 melius
842 4037 967 4102 sarturae
986 4035 1146 4087 rescribetur
1162 4035 1290 4087 formato
1310 4059 1344 4080 =
1363 4037 1449 4102 insor-

306 4131 382 4178 mato
429 4127 462 4180 13
481 4125 666 4193 impudentiae
680 4125 716 4190 R,
735 4123 896 4194 inpudentia
911 4123 947 4176 M
999 4123 1100 4191 quali,
1120 4123 1278 4192 qnemMF
1322 4123 1354 4176 l‘i
1375 4140 1449 4192 prae·

306 4215 423 4280 signarit
436 4215 478 4276 M,
493 4215 708 4283 praesignanerit
723 4215 750 4267 R
795 4214 829 4265 22
844 4213 954 4267 fecisset
968 4213 1009 4278 M,
1024 4213 1090 4266 iecit
1104 4213 1225 4282 Rurrlgo
1270 4214 1304 4267 25
1320 4213 1449 4268 lumnam

304 4305 429 4370 siguald:
448 4303 556 4356 mallem
575 4319 635 4356 eum
655 4303 750 4356 fecisse
771 4301 939 4355 intercidisse
957 4302 1068 4355 uidetur
