3250 4959
351 427 413 482 VII.
431 427 599 484 Aduersus
617 429 820 484 Marcionem
837 430 885 484 lib.
904 430 969 486 1111.
988 431 1103 487 42-43.
1235 436 1299 501 565

148 624 204 706 qui
234 624 402 706 expiratur.
431 625 458 690 si
483 624 614 707 spiritus
639 625 807 708 expiratur,
837 625 874 689 ab
899 625 961 689 alio
991 626 1149 709 expiretur
1170 643 1300 692 necessa

148 733 209 795 est.
234 730 347 812 quodsi
372 732 460 796 solus
484 732 616 814 spiritus
640 732 767 809 luisset,
796 731 984 796 discessisse
1012 732 1119 814 potius
1145 731 1301 798 diceretur

149 855 244 920 quam
275 837 441 921 expirasse.
471 839 541 920 quis
570 839 669 922 igitur
694 837 815 921 expirat
843 838 990 920 spiritum
1019 839 1081 904 nisi
1109 857 1191 915 caro,
1220 858 1299 922 quae

148 949 182 1010 et
206 945 306 1027 spirat
329 943 453 1026 quando
478 945 569 1009 illum
595 945 691 1010 habet
714 946 810 1009 etita
830 965 903 1010 eum
923 963 994 1009 curo
1015 946 1136 1009 amittit
1158 946 1299 1029 expirat?

110 1048 286 1133 sdeniqne
319 1050 346 1114 si
375 1067 446 1114 caro
474 1069 535 1113 uon
563 1047 634 1124 fuit,
668 1049 724 1114 sed
751 1049 940 1133 phantasma
968 1048 1080 1127 carnis,
1112 1050 1300 1133 phantasma

146 1159 255 1220 autern
271 1156 400 1238 spiritus
415 1156 487 1232 fuit,
503 1156 634 1239 spiritus
650 1161 756 1220 autem
774 1156 983 1238 semetipsum
999 1156 1154 1238 expirauit
1168 1159 1201 1222 et
1216 1158 1299 1242 expi-

146 1262 246 1327 rando
271 1261 429 1345 discessit,
454 1262 522 1328 aine
547 1262 642 1327 dubio
662 1263 852 1346 phantasma
875 1263 1034 1339 discessit,
1059 1281 1131 1328 ouum
1155 1264 1298 1348 spiritus,

148 1369 204 1452 qui
220 1372 288 1434 erat
300 1370 498 1453 phantasma,
519 1370 677 1449 discessit,
696 1373 729 1434 et
748 1389 904 1454 nusquam
921 1370 1098 1452 comparuit
1111 1371 1300 1453 phantasma

149 1495 223 1541 cum
249 1475 371 1559 spiritu.
394 1477 473 1541 nihil
498 1495 571 1561 ergo
591 1478 745 1541 remansit
763 1477 794 1542 in
814 1477 911 1562 ligno,
935 1476 1015 1541 nihil
1033 1476 1185 1560 pependit
1202 1479 1298 1543 etiam

101 1605 128 1644 ιο
147 1586 225 1666 post
244 1582 480 1664 expirationem,
500 1583 581 1647 nihil
599 1582 637 1646 de
656 1583 761 1647 Pilato
774 1585 988 1667 postulatum,
1007 1583 1087 1648 nibil
1101 1584 1139 1648 de
1153 1584 1297 1667 patibulo

149 1689 337 1768 detractum,
364 1689 443 1753 nihil
468 1689 600 1754 sindone
623 1689 817 1766 inuolutum,
845 1689 924 1754 nibil
948 1690 1095 1771 sepulcro
1118 1709 1202 1754 nouo
1226 1709 1298 1756 con-

149 1795 276 1862 ditum?
304 1797 412 1878 atquin
437 1815 497 1860 non
522 1794 610 1861 nihil.
641 1795 718 1879 quid
741 1815 814 1880 crgo
837 1796 919 1861 illud
942 1796 1024 1860 fuit?
1049 1797 1076 1860 si
1098 1797 1296 1880 phantasma,

149 1901 254 1966 adhuc
287 1921 359 1986 ergo
393 1903 493 1966 inerat
525 1907 558 1966 et
590 1902 731 1986 spiritus.
765 1903 792 1966 si
826 1902 1015 1968 discesserat
1047 1903 1189 1984 spiritus,
1223 1924 1297 1990 ergo

148 2008 327 2074 abstulerat
350 2008 546 2092 phantasma.
581 2014 726 2092 superest
748 2009 964 2093 impudentiae
992 2010 1171 2075 haereticae
1194 2009 1297 2075 dicere

102 2137 129 2178 rs
148 2117 338 2198 phantasma
365 2115 432 2180 illic
459 2116 691 2197 phantasmatis
719 2115 926 2190 remansissa;
951 2115 1006 2180 sed
1034 2116 1159 2181 scilicet
1180 2116 1296 2200 loseph

149 2241 265 2306 corpus
311 2221 411 2288 fuisse
458 2225 589 2288 nouerat
636 2221 721 2305 quod
762 2224 831 2287 tota
877 2222 995 2304 pietate
1040 2223 1201 2302 tractauit,
1242 2223 1296 2288 ille

150 2328 277 2411 Ioseph,
302 2329 442 2411 quinon
466 2333 667 2394 consenserat
693 2329 724 2393 in
754 2329 873 2393 scelere
902 2328 1038 2408 ludaeis,
1061 2329 1195 2394 beatus
1228 2331 1297 2410 uir,

150 2435 215 2517 qui
239 2454 308 2500 non
332 2436 430 2500 abiit
451 2435 487 2500 iu
512 2436 673 2501 consilio
697 2436 898 2519 impiorum
922 2438 961 2500 et
983 2436 1019 2500 in
1043 2437 1105 2500 uia
1123 2421 1295 2519 peccato·

149 2561 229 2606 rum
253 2561 322 2606 non
348 2543 461 2607 stetit
484 2546 521 2606 et
544 2543 579 2606 in
605 2542 783 2607 cathedra
805 2542 974 2624 pestium
999 2561 1067 2606 non
1092 2543 1203 2608 sedit.

100 2669 130 2709 so
195 2649 249 2714 43.
273 2646 464 2731 Oportuerat
487 2648 582 2713 etiam
607 2649 801 2732 sepultorem
826 2647 945 2712 domini
968 2649 1149 2732 prophetari
1174 2669 1210 2714 ac
1232 2650 1296 2714 iam

148 2759 225 2819 tunc
253 2755 365 2820 merito
392 2755 545 2834 benedici,
571 2755 598 2820 si
621 2774 677 2820 nec
701 2755 872 2820 mulierum
894 2755 1021 2819 illarum
1045 2755 1185 2820 officium
1208 2775 1296 2838 prae·

149 2861 226 2926 terit
238 2862 414 2946 prophetia,
434 2881 515 2945 quae
535 2864 606 2926 ante
620 2862 725 2926 lucem
741 2863 957 2925 conuenerunt
970 2860 1009 2924 ad
1025 2861 1206 2942 sepulcrum
1222 2881 1294 2926 cum

150 2967 281 3033 odorum
300 2971 456 3053 paratura.
478 2967 515 3032 de
534 2969 593 3032 hoc
614 2967 696 3032 enim
715 2983 772 3048 per
791 2964 887 3031 Osee:
912 2971 948 3030 ot
972 2971 1162 3048 quaerent,
1181 2967 1295 3050 inquit,

149 3075 284 3140 faciem
307 3094 438 3152 meam3
463 3079 548 3138 ante
572 3075 693 3138 lucem
718 3073 939 3158 uigilabunt
962 3073 1005 3136 ad
1029 3093 1084 3138 me
1108 3073 1293 3138 dicentes:

100 3200 278 3246 secamus
302 3183 338 3244 et
362 3185 626 3246 conuertamur
650 3178 695 3243 ad
713 3179 912 3257 dominum,
937 3180 1024 3261 quia
1046 3180 1128 3263 ipse
1153 3181 1295 3263 eripuit

149 3285 251 3376 [dixit]
277 3291 313 3352 et
336 3289 486 3353 curabit
508 3306 585 3365 nos,
610 3287 806 3370 percussit
829 3291 866 3351 et
888 3287 1135 3352 miserebitur
1163 3289 1294 3365 nostri,

239 3478 282 3550 10]
303 3479 336 3533 cl.
356 3479 420 3534 Luc.
440 3481 482 3546 23,
502 3480 616 3534 52-53.
674 3479 715 3548 15]
737 3476 770 3532 cl.
790 3477 856 3532 Iiuc.
876 3479 919 3540 23,
935 3478 1049 3532 50-54.
1106 3478 1149 3549 ll]
1169 3478 1213 3532 Ps.
1231 3479 1254 3546 l,
1271 3476 1294 3534 1.

147 3569 194 3638 21]
216 3569 249 3623 ci.
267 3568 332 3623 Luc.
351 3570 394 3634 23,
413 3569 528 3636 55-24,
549 3570 573 3623 1.
629 3569 674 3638 23]
695 3568 728 3622 cf.
749 3567 794 3622 Os.
816 3571 841 3635 5,
862 3569 958 3634 15-6,
977 3569 1002 3624 2.

183 3694 201 3746 4
220 3697 249 3747 et
266 3695 353 3764 spirat
370 3693 483 3756 MRiG,
503 3695 607 3762 expirat
625 3692 665 3748 R²
700 3695 718 3749 5
737 3692 798 3755 fuit,
818 3691 867 3747 sed
890 3692 956 3747 Urs:
975 3691 1073 3746 fuisset
1087 3692 1149 3747 MR
1186 3694 1217 3747 ll
1238 3693 1295 3745 sin·

147 3781 217 3836 done
231 3781 313 3846 Met
332 3785 360 3836 in
379 3782 494 3837 sindona
508 3781 549 3836 R¹
586 3784 619 3834 12
639 3781 785 3836 conditum.
806 3782 902 3851 atquin
920 3783 1005 3850 scalpo
1061 3781 1126 3851 quid
1146 3799 1210 3851 ergo
1224 3782 1293 3846 ΜΓ,

148 3871 213 3942 quid
227 3871 312 3941 igitur
324 3871 445 3941 Ruulpo
500 3871 534 3925 13
554 3872 674 3940 spiritus.
689 3872 712 3924 si
727 3869 889 3924 discesserat
907 3871 1020 3938 spiritus
1033 3871 1145 3938 composi:
1162 3869 1293 3925 Christus.

148 3962 172 4014 si
186 3959 348 4015 discesserat
362 3959 486 4014 Christus
505 3960 567 4014 MR
586 3962 660 4024 (orla
679 3967 719 4013 cst
738 3958 896 4027 corrsqstclu
914 3975 947 4011 esc
964 3959 1147 4013 similitudine
1163 3959 1294 4029 adplosam

148 4057 194 4120 spis
214 4055 238 4104 et
255 4053 314 4120 xps)
353 4051 385 4104 15
405 4050 509 4104 scilicet
528 4049 607 4118 Eny:
626 4049 649 4101 si
669 4052 696 4102 et
710 4049 746 4101 M
763 4052 801 4114 (et
820 4065 841 4102 s.
860 4065 888 4101 u.
909 4065 927 4100 a
945 4065 979 4100 m.
995 4049 1020 4116 1)
1033 4047 1061 4102 R
1099 4048 1132 4102 16
1145 4049 1292 4103 tractauit?

146 4140 194 4194 ille
212 4139 297 4208 culpo
352 4139 385 4192 17
408 4137 536 4192 ludaeis?
560 4137 657 4192 beatus
676 4137 759 4207 culpo
835 4139 867 4192 19
890 4138 1007 4207 pestium
1026 4137 1096 4205 MR,
1120 4138 1295 4207 pestilentiae

150 4227 280 4283 Oclslcrus
298 4244 331 4282 esc
349 4227 487 4296 Leydensi
522 4228 555 4280 23
576 4230 604 4280 et
622 4227 700 4295 Eleo:
718 4231 749 4280 nt
767 4225 830 4280 MR
884 4230 1016 4295 quaerent
1033 4225 1102 4294 ΜΓ,
1121 4228 1294 4296 quaerantR

145 4317 231 4386 culpo
285 4314 532 4370 sentinaculi
