3250 4959
640 356 861 413 Praefatio.
1249 362 1326 429 XXI

171 552 217 617 sit
238 554 383 630 secutus,
411 552 444 617 id
466 552 558 619 nobis
582 555 725 637 praestat
747 554 859 619 auxilii
880 554 978 621 codex
995 555 1036 636 F,
1054 560 1093 620 ut
1115 554 1179 621 iam
1202 556 1324 639 liquido

171 657 351 726 discemers
373 658 470 725 liceat
493 658 691 726 coniecturas
710 660 853 726 Rhenaui
871 660 910 726 ab
929 662 986 743 eis,
1009 682 1091 747 quse
1111 661 1223 729 debuit
1240 662 1323 729 codi-

171 764 276 831 cibus.

214 874 252 939 In
267 872 377 940 eadem
392 876 500 940 autem
519 873 714 941 bibliotheca
731 874 1007 961 Magliabechiana
1024 880 1209 943 asseruntur
1227 875 1324 943 etiam

173 978 254 1045 alter
278 980 376 1046 codex
397 980 646 1047 Florentinus
668 980 709 1045 N
731 980 905 1067 (Consenti
928 983 1091 1066 soppressi
1108 980 1164 1062 Vl,
1187 982 1232 1064 9),
1255 983 1325 1067 ipse

169 1106 300 1171 quoque
323 1087 507 1153 chartaceus
531 1088 587 1170 (39
607 1098 641 1162 ><
659 1089 716 1167 32)
739 1093 771 1155 et
794 1108 815 1153 a
837 1088 962 1154 duabus
979 1088 1129 1156 manibus
1146 1088 1180 1155 in
1199 1087 1324 1156 duabus

169 1194 352 1280 partibus²)
376 1199 533 1262 exaratus.
559 1198 655 1278 atque
678 1195 816 1279 priorem
840 1194 968 1279 quidem
990 1195 1088 1261 buius
1111 1196 1233 1262 codicis
1254 1214 1326 1279 par·

168 1304 237 1365 tem
260 1319 297 1366 ox
320 1300 390 1384 ipso
413 1300 695 1384 Moutepessulauo
720 1302 913 1384 descriptam
940 1320 1021 1381 asse,
1054 1302 1172 1387 quippe
1198 1302 1231 1367 in
1259 1320 1323 1386 qua

168 1424 231 1471 non
259 1406 367 1473 solum
393 1407 496 1490 prima
519 1406 574 1473 scd
598 1411 632 1473 et
654 1408 793 1475 secunda
816 1408 1093 1491 Moutepessnlani
1114 1427 1230 1475 manus
1255 1427 1321 1475 cor·

167 1514 283 1578 rectrix
312 1518 517 1597 compareret,
554 1534 627 1581 cum
664 1514 753 1599 prius
785 1535 842 1599 pro
871 1514 1033 1601 explorato
1055 1515 1122 1579 iam
1144 1514 1321 1594 habuerim,

166 1617 263 1685 bodie
297 1619 407 1685 cedem
439 1619 557 1686 fiducia
587 1640 649 1688 non
676 1620 811 1687 audeam
838 1639 989 1687 asserere.
1021 1625 1130 1703 potest
1157 1620 1242 1687 enim
1269 1621 1321 1687 bic

164 1724 372 1791 Florentinus
384 1727 480 1791 etiam
495 1725 676 1793 Gorziensis
689 1727 765 1794 libri
779 1746 850 1793 esse
868 1729 1086 1813 apographum
1100 1727 1194 1794 hodie
1212 1727 1321 1812 deper-

167 1832 239 1909 diti,
265 1834 357 1899 cnius
381 1834 604 1901 collationibus
626 1835 659 1899 in
682 1834 777 1901 tertia
799 1852 860 1899 sua
880 1852 961 1900 usus
985 1837 1035 1901 est
1056 1835 1177 1900 Beatus
1196 1834 1320 1900 Rhena-

168 1940 276 2027 uus.²)
299 1942 374 2007 sciri
397 1942 481 2008 enim
504 1943 624 2027 nequit,
647 1978 690 1989 -
715 1960 907 2026 quamquam
931 1945 1018 2007 tacet
1040 1941 1079 2006 de
1101 1941 1160 2009 hac
1183 1960 1217 2006 re
1238 1940 1319 2007 Rhe-

166 2068 270 2115 nauus
299 2086 343 2097 —
374 2068 451 2115 num
482 2070 598 2116 manus
630 2054 845 2116 correctorum
866 2048 1142 2133 Moutepessulani
1168 2050 1265 2116 etiam
1287 2050 1319 2114 in

167 2156 224 2221 illo
244 2155 355 2221 codice
375 2157 619 2239 comparuerint,
639 2160 676 2223 ut
700 2160 733 2223 et
754 2156 829 2222 hino
846 2156 946 2223 fluere
963 2156 1125 2241 potuerint
1141 2156 1175 2221 in
1193 2156 1322 2221 Floren-

167 2262 282 2329 tinum.
315 2266 389 2328 utut
420 2267 528 2329 autem
555 2263 762 2331 iudicandum
789 2268 841 2329 est
868 2263 907 2329 do
931 2263 1045 2330 borum
1068 2262 1216 2329 codicum
1237 2264 1321 2331 iuter

166 2389 202 2435 se
235 2370 400 2449 affinitate,
433 2372 508 2453 quin
541 2372 581 2437 ad
607 2371 928 2454 Montepessulanum
960 2371 1092 2437 redeant
1121 2390 1184 2438 uon
1212 2374 1321 2454 potest

165 2476 319 2556 dubitari,
342 2496 438 2561 quam
463 2477 503 2543 ob
526 2497 593 2544 rem
616 2496 672 2561 pro
696 2478 743 2544 eis
766 2477 957 2543 Tertulliani
978 2477 1081 2557 libris,
1105 2496 1186 2561 quos
1208 2481 1242 2543 ct
1263 2478 1319 2543 ille

166 2584 319 2662 continet,
344 2603 473 2668 prorsus
493 2589 569 2651 sunt
590 2584 823 2669 neglegendi.³)
847 2584 1011 2651 suboritur
1032 2589 1140 2652 autem
1163 2585 1225 2650 hoc
1246 2586 1318 2650 loco

164 2691 326 2774 quaestio,
358 2690 441 2757 unde
472 2692 652 2776 acceperint
678 2692 712 2757 hi
736 2690 898 2779 codices⁴)
921 2710 958 2757 ea
979 2690 1167 2759 Tertulliani
1188 2689 1317 2775 scripta,

165 2816 249 2881 quae
271 2799 303 2863 in
328 2797 609 2882 Montepessulauo
634 2817 694 2864 nou
718 2798 931 2864 eontinentur.
959 2817 995 2863 ac
1021 2799 1160 2882 primum
1187 2798 1317 2883 quidem

210 3021 234 3092 ¹)
251 3022 425 3077 Dirimuutur
442 3022 495 3078 hae
512 3028 613 3094 partes,
632 3038 745 3094 quarum
767 3023 911 3094 utriusque
933 3023 962 3077 in
983 3022 1038 3077 line
1056 3022 1220 3094 subscriptio
1243 3040 1316 3080 com·

163 3114 245 3183 paret
262 3111 348 3181 nulla,
368 3110 473 3169 duobus
491 3111 565 3167 foliis
583 3112 677 3167 nocuis
696 3111 807 3169 relictis.

210 3200 233 3269 ⁷)
260 3200 338 3257 Dicit
363 3200 391 3255 iu
419 3200 591 3271 praefatione
617 3201 688 3256 hano
716 3200 891 3255 sedationem
918 3200 1074 3271 ‘diligentia
1100 3207 1127 3257 et
1153 3201 1317 3257 &mutate

164 3290 289 3345 Huberts'
309 3290 434 3345 Osoettms'
450 3290 509 3344 seiri
527 3306 587 3344 mem
600 3290 707 3359 pietate
724 3295 783 3344 tum
801 3289 958 3344 eruditione
981 3290 1138 3345 excellentie
1160 3290 1316 3345 adiuuante

163 3378 315 3436 Dominico
328 3378 495 3437 Florentino
509 3378 603 3433 sodali
615 3383 762 3446 peractam
780 3392 836 3432 esse
854 3394 924 3433 curo
942 3378 1093 3432 durimims'
1105 3378 1184 3433 Iusa's
1196 3378 1316 3433 consulti

162 3466 201 3522 D.
223 3466 342 3523 Claudii
362 3466 568 3523 Oosetioaculoe
584 3466 766 3521 Ferdbrcesds'
786 3465 918 3521 Ooesars's
930 3481 950 3521 o
963 3465 1097 3521 musitio!
1115 3467 1205 3520 nerim
1222 3470 1315 3522 autem

162 3556 245 3611 huius
273 3556 429 3611 collationis
456 3556 588 3611 lectiones
616 3555 758 3626 exscripsit
784 3556 931 3611 Rhenanus
953 3555 982 3610 iu
1005 3554 1230 3610 adnotationibus
1257 3556 1314 3611 suis

162 3645 280 3715 singulis
297 3644 376 3700 libris
393 3644 528 3715 praefixis.

207 3733 230 3801 3)
250 3735 381 3789 Attamen
399 3734 434 3790 ad
452 3732 552 3789 librum
570 3734 604 3790 de
621 3733 764 3803 patientia
786 3732 882 3789 notaui
904 3750 998 3789 omnes
1016 3732 1117 3788 codicis
1134 3731 1166 3788 N
1182 3732 1314 3788 lectiones

162 3824 262 3889 namu,
281 3826 314 3878 ut
332 3823 420 3894 qualis
444 3823 482 3879 sit
503 3823 592 3895 possit
615 3823 751 3893 cognosci.
775 3821 1045 3877 animaduertendum
1069 3826 1160 3876 autem
1184 3824 1227 3877 est
1244 3824 1313 3878 satis

162 3910 294 3967 audacter
311 3916 341 3966 et
362 3928 418 3966 uon
440 3912 498 3967 sina
521 3928 622 3981 magua
645 3910 799 3981 corrigendi
822 3912 978 3965 tomeritate
1001 3910 1149 3981 depingere
1172 3910 1310 3966 librarium

162 4000 302 4070 exemplar
319 4016 406 4065 sunm,
426 4000 528 4071 quippo
547 4002 594 4069 qui
612 4016 663 4054 nec
682 4015 699 4054 a
717 3999 880 4054 coniecturis
902 4015 953 4054 nec
975 3997 1009 4053 ab
1027 3998 1265 4054 immutationibus
1284 4004 1313 4055 et

160 4088 421 4160 interpolationibus
439 4088 593 4144 abhorreat.

204 4178 227 4245 ⁴)
250 4178 352 4233 Totum
375 4193 471 4248 corpus
494 4179 523 4231 iu
546 4178 688 4234 Gomieusi
712 4177 850 4231 exstitisse
878 4192 910 4231 ex
937 4176 1060 4231 Rhenani
1088 4175 1310 4232 adnotationibus

160 4266 258 4338 liquet.
