3250 4959
323 324 363 383 10
545 318 662 384 Quinti
682 317 825 391 Septimi
843 314 1015 377 Florentii
1034 314 1240 376 Tertulliani

320 514 492 595 numquam
507 534 568 579 non
582 534 640 596 per
653 512 884 599 impatientiam
896 512 1109 600 delinquendo
1128 518 1200 601 <per
1221 519 1468 602 impatientiam)

320 621 494 703 perierunt·
522 621 680 703 quomodo
713 627 821 687 autem
846 616 960 687 manus
992 624 1156 707 prophetis
1187 616 1374 703 intulerunt,
1407 626 1469 689 nisi

317 731 382 807 per'
404 727 637 809 impatientiam
670 726 840 793 audiendi?
878 729 1005 794 domino
1037 734 1145 795 antem
1172 732 1254 815 ipso,
1283 750 1339 815 per
1369 731 1468 815 impa-

318 833 478 898 tientiam
496 835 593 900 etiam
625 835 772 901 uidendi..
805 836 920 919 quodsi
952 836 1140 919 patientiam
1171 837 1327 917 inissent
1355 838 1467 901 libera·

318 938 461 1005 rentur.‹
592 992 597 999 .
685 996 686 999 ,
1075 985 1077 988 -
1152 932 1176 993 ἶ
1493 962 1515 1011 'a

364 1049 394 1113 6.
426 1047 608 1132 Ipsaadeo
636 1051 694 1126 eat,
728 1066 809 1130 quae
837 1048 933 1113 fidem
960 1051 993 1113 et
1016 1041 1224 1131 subsequitur
1241 1052 1279 1113 'et
1301 1039 1469 1115 antecedit.

319 1154 454 1236 danique
476 1153 634 1218 Abraham
665 1152 724 1219 deo
759 1150 893 1219 ‘credidit
921 1156 956 1218 et
981 1154 1125 1219 iustitiae
1151 1155 1329 1237 deputatus
1350 1156 1388 1219 ab
1411 1156 1467 1220 illo

319 1263 380 1335 est:
414 1260 479 1324 aad
498 1258 593 1324 'fidem
623 1257 692 1324 eius
716 1259 870 1343 patientia
893 1260 1051 1344 probauit,
1083 1279 1156 1325 cum
1179 1254 1281 1326 filium
1305 1259 1468 1327 immolare

318 1368 425 1432 iussus
461 1366 502 1431 ad
539 1366 622 1443 fidei,
664 1385 725 1431 non
762 1364 1005 1450 temptationem
1046 1361 1190 1443 dixerim,
1231 1365 1288 1432 sed
1328 1369 1468 1452 typicam

318 1472 593 1551 contestationem,
623 1509 670 1531 .-
702 1477 843 1538 ceterum
876 1473 955 1538 deus
986 1493 1082 1557 quem
1108 1474 1253 1539 iustitiae
1281 1468 1468 1557 deputasset
1488 1503 1516 1545 ιο

318 1579 439 1643 sciebat
469 1616 514 1627 -
544 1584 613 1643 tam
641 1598 737 1663 graue
765 1584 981 1663 praeceptum,
1015 1580 1107 1663 quod·
1128 1599 1185 1645 nec
1208 1580 1336 1645 domino
1359 1580 1468 1663 perfici

317 1685 473 1768 placebat,
496 1684 655 1767 patienter
678 1690 709 1751 ct
734 1682 865 1750 audiuit
882 1691 924 1763 et,
948 1688 977 1751 si
999 1688 1078 1752 deus
1097 1688 1266 1764 uoluisset
1290 1688 1467 1770 implesset.

318 1793 431 1856 meritc
464 1811 540 1876 crgo
568 1792 766 1871 benedictus,
801 1794 876 1875 quia
902 1796 936 1857 et
957 1792 1076 1870 tidelis3
1110 1793 1222 1859 merito
1246 1790 1364 1870 fidelis.
1394 1794 1469 1877 quia

319 1903 351 1962 et
382 1898 518 1980 patiens.
549 1899 597 1963 ita
627 1896 707 1965 fides
740 1900 894 1983 patientia
925 1897 1125 1979 inluminata,
1156 1920 1230 1965 cum
1263 1902 1296 1965 in
1325 1900 1467 1966 nationes

318 2004 526 2069 seminaretur
544 2024 599 2088 per
618 2024 726 2070 semen
745 2004 901 2084 Abrahae,
926 2006 1009 2087 quod
1029 2010 1081 2071 est
1098 2006 1256 2086 caristus,
1280 2009 1315 2071 et
1332 2006 1466 2090 gratiam
1488 2039 1515 2080 ιι

317 2110 381 2194 legi
404 2110 640 2192 superduceret
665 2112 863 2193 ampliandae
887 2112 1169 2194 adimplendaeque
1191 2114 1258 2196 legi
1279 2113 1467 2178 adiutricem

319 2235 408 2279 suam
441 2217 625 2299 patientiam
659 2218 820 2300 praefecit,
859 2218 944 2299 quod
975 2206 1017 2283 ea
1049 2220 1120 2283 ecla
1152 2217 1193 2283 ad
1220 2219 1363 2283 iustitiae
1396 2219 1467 2284 dcc-

317 2323 431 2387 trinam
461 2328 545 2389 retro
579 2322 743 2390 defuisset.
777 2344 849 2389 nam
883 2324 961 2388 olim
992 2328 1024 2390 et
1056 2326 1185 2391 oculum
1217 2344 1274 2407 pro
1309 2325 1402 2389 oculo
1434 2332 1468 2389 et

319 2428 444 2493 dantem
467 2430 641 2512 prodente
662 2432 849 2515 repetebant
872 2435 905 2496 et
927 2432 1048 2496 malum
1071 2433 1156 2496 malo
1174 2432 1369 2496 fenerabunt.
1391 2451 1467 2496 non·

318 2536 394 2599 dum
419 2536 502 2601 em'nr
527 2538 681 2620 patientia
702 2540 733 2603 in
757 2538 862 2614 terris,
892 2539 967 2621 quia
990 2556 1048 2603 nac
1071 2537 1161 2603 tides.
1193 2538 1317 2602 scilicet
1339 2538 1466 2602 interim
1484 2561 1514 2609 ἠ

318 2642 517 2723 impatientia
544 2643 762 2709 occasionibus
790 2646 873 2730 legis
905 2644 1079 2709 fruebatur.
1110 2645 1204 2709 facile
1237 2646 1312 2709 erat.
1336 2643 1466 2708 absente

318 2747 444 2812 domino
476 2749 648 2831 patientiae
682 2754 714 2814 et
744 2752 907 2835 magistro.
939 2752 996 2833 qui
1027 2754 1199 2834 postquam
1225 2749 1412 2833 superuenit
1434 2755 1467 2814 'et

318 2856 451 2938 gratiam
483 2855 557 2919 fidei
592 2857 745 2939 patientia
782 2858 973 2940 composuit,
1011 2860 1075 2921 iam
1111 2877 1168 2922 nec
1206 2858 1303 2921 uerbo
1337 2856 1463 2939 quidem

407 3130 433 3201 7]
453 3130 486 3185 cs.
506 3132 573 3187 Gen.
594 3134 635 3195 15,
654 3134 679 3187 6.
737 3134 778 3203 13]
800 3131 834 3188 c1.
850 3134 918 3189 Gen.
933 3136 977 3202 22,
995 3136 1036 3189 17.
1053 3136 1095 3189 18.
1152 3136 1195 3205 18]
1212 3136 1245 3189 cf.
1261 3135 1348 3190 Excd.
1363 3139 1407 3200 21,
1421 3138 1462 3190 24.

355 3326 367 3377 l
389 3342 436 3394 per
454 3326 652 3395 impatientiam
672 3328 772 3381 addidi
790 3328 851 3393 (boc
869 3330 940 3382 enirn
954 3328 1042 3383 dicare
1054 3331 1118 3385 nntt
1132 3339 1244 3385 auctor:
1262 3333 1330 3399 qnia
1344 3333 1464 3386 omniurn

317 3414 478 3468 delictorum
496 3431 584 3469 caneo
596 3418 659 3484 snit
676 3416 862 3485 respectantis,
882 3418 976 3472 eadem
995 3425 1020 3472 et
1033 3434 1124 3473 cauta
1131 3421 1195 3488 snit
1211 3421 1350 3487 interitus)
1387 3419 1470 3474 ace--

318 3502 371 3555 lere
394 3504 458 3555 otini
481 3504 562 3557 ricini
584 3512 615 3557 nt
644 3507 741 3573 spurio
769 3506 855 3559 narba
888 3505 1022 3573 quomodo
1051 3510 1262 3561 autem—etiam
1290 3507 1410 3571 uidendi,
1432 3512 1463 3561 nt

318 3607 388 3657 puae
409 3593 551 3660 refrcpori
572 3594 724 3647 uideantur
749 3595 795 3661 eia,
820 3605 891 3661 puae
912 3611 1002 3663 arcpra
1024 3595 1091 3649 dieat
1109 3604 1221 3651 anctore
1238 3614 1272 3649 ne
1288 3614 1339 3666 per
1356 3596 1463 3667 singula

318 3695 503 3749 perungamur.
522 3681 572 3735 aed
589 3682 866 3737 animaduertendum
880 3688 918 3737 eet
932 3684 988 3738 dno
1002 3684 1047 3738 dic
1059 3685 1217 3753 patientioe
1232 3702 1334 3754 penora
1348 3686 1383 3739 ob
1397 3701 1461 3738 arcc-

318 3775 375 3821 tore
398 3768 539 3839 darinpci,
563 3771 751 3837 subrepentes
771 3771 876 3825 scilicet
897 3773 979 3838 fidem
1002 3779 1027 3826 et
1050 3774 1234 3828 antecedentia
1258 3775 1304 3842 (cf.
1329 3776 1347 3829 t.
1370 3779 1409 3842 6).
1430 3780 1463 3828 aot

318 3864 408 3911 cumn
425 3876 514 3928 supro
532 3860 717 3927 subsequentia
732 3862 889 3929 patientiae
906 3864 1030 3931 exemplo
1044 3866 1236 3931 proferuntur,
1259 3864 1311 3918 ita.
1324 3865 1461 3917 tricante

318 3948 435 4001 cedentia
476 3952 492 4002 3
506 3950 565 4018 ipsc
581 3950 681 4011 ΜΝΞ,
700 3950 753 4020 ipsi
768 3951 887 4021 Pantpo
928 3954 944 4005 9
958 3953 1047 4006 iussus
1062 3954 1161 4020 MNF,
1181 3954 1270 4007 iussus
1289 3958 1332 4008 est
1344 3954 1462 4023 Pnntpo

321 4039 352 4090 lu
366 4038 548 4105 parenthesin
566 4038 710 4092 indicaui:
732 4042 969 4096 contestationem.
988 4047 1107 4095 ceterum
1127 4042 1194 4097 deus
1204 4086 1209 4095 .
1221 4084 1228 4096 .
1240 4084 1246 4095 .
1257 4083 1264 4095 .
1275 4043 1387 4098 sciebat.
1405 4046 1461 4096 tam

318 4128 399 4195 numo
446 4128 479 4180 12
494 4128 641 4197 amplesset
659 4128 688 4182 F
733 4131 765 4185 15
784 4147 835 4199 per
850 4133 974 4184 sanctum
993 4131 1158 4185 abrahaeF
1203 4134 1235 4186 16
1253 4130 1465 4187 aductrieemd·7

321 4216 350 4265 li
367 4216 526 4284 sapientiam
538 4216 565 4267 P
574 4218 616 4276 (c'n
624 4234 675 4285 nep.
687 4219 848 4286 patientiam
858 4237 926 4272 corr.
935 4221 964 4273 R
978 4237 1011 4272 ex
1020 4220 1231 4288 Hiradupiener)
1276 4221 1309 4274 18
1320 4220 1421 4275 etclim
1435 4219 1464 4273 a?
