3250 4959
340 430 397 486 VII.
417 432 583 486 Aduersus
601 432 799 486 Marcionem
818 433 865 486 lib.
885 432 928 487 111
946 436 989 487 24.
1007 435 1055 487 lib.
1073 433 1131 487 1111
1151 436 1173 488 1.
1260 439 1326 502 423

173 628 332 709 quandam
352 632 583 692 commentatus
603 634 652 692 est
669 628 727 695 illi.
744 648 882 710 --opus
898 648 933 692 ex
949 631 1208 694 contrarietatum
1230 649 1327 714 oppo-

175 735 347 799 sitionibus
371 734 570 799 ‘Antithesis’
593 736 902 819 cognominatumet
926 734 964 798 ad
989 736 1220 817 separationem
1232 737 1325 820 degis

175 845 209 906 et
224 843 382 925 euangelii
397 847 543 906 coactum
554 862 669 924 -qua
685 843 764 906 duos
781 843 857 906 deos
873 842 1028 921 diuidens,
1040 844 1170 925 proinde
1181 844 1327 909 diuersos

174 953 214 1013 ut
228 950 362 1013 alterum
382 950 512 1013 alterius
531 949 734 1013 instrumenti
750 949 812 1027 uel,
828 949 913 1031 quod
928 951 1030 1033 magis
1050 950 1124 1013 usui
1144 954 1194 1014 est
1212 950 1326 1029 dicere,

136 1078 151 1117 s
173 1056 370 1129 testamenti,
401 1056 509 1119 exinde
534 1056 698 1140 euangelio
723 1075 848 1138 quoquo
873 1056 1047 1121 secundum
1071 1057 1238 1121 antithesis
1262 1076 1328 1121 cre·

175 1162 278 1227 dendo
292 1164 551 1245 patrocinaretur.
574 1164 629 1227 sed
649 1167 681 1227 et
699 1164 778 1227 istas
797 1164 924 1245 proprio
946 1182 1120 1246 congressu
1136 1164 1325 1241 comminue,

175 1270 210 1335 id
242 1273 292 1334 est
323 1290 379 1353 per
411 1271 552 1353 singulas
586 1271 771 1335 iniectiones
804 1270 940 1349 Pontici,
975 1271 1172 1348 cecidissem,
1207 1270 1234 1333 si
1266 1290 1327 1334 non

176 1377 280 1441 multo
300 1376 485 1458 oportunius
508 1378 537 1441 in
558 1378 628 1459 ipso
649 1380 681 1441 et
700 1396 772 1441 cunr
792 1377 862 1460 ipso
883 1378 1060 1459 euangelio.
1080 1377 1132 1441 cui
1151 1381 1328 1460 procurant,

176 1484 426 1548 retunderentur.
441 1502 632 1566 quamquam
647 1488 712 1547 tarn
732 1482 827 1547 facite
842 1487 891 1547 est
904 1484 1133 1566 praescriptiuc
1153 1502 1326 1556 occurrere,

128 1612 155 1651 ro
177 1590 326 1673 equidem
357 1594 395 1653 ut
428 1592 557 1672 accepto
591 1609 642 1653 eas
676 1590 800 1667 faciam,
830 1593 867 1653 ut
898 1593 966 1654 rato
991 1590 1133 1670 habeam,
1161 1597 1199 1654 ot
1221 1590 1326 1654 nohis·

177 1716 251 1760 cum
275 1697 378 1760 faeere
403 1696 514 1771 dicam,
540 1715 603 1777 quo
626 1696 729 1779 magis
753 1695 791 1759 de
811 1696 964 1759 caecitate
984 1696 1124 1760 auctoris
1145 1697 1194 1761 sui
1215 1696 1326 1761 erube-

177 1808 278 1880 scant,
299 1808 424 1867 nostrae
448 1802 511 1867 iam
536 1802 703 1865 antithesis
728 1802 883 1867 aduersus
902 1802 1105 1867 Marcionem.
1128 1807 1223 1884 atque
1248 1804 1325 1868 adeo

178 1908 331 1973 confiteor
345 1908 443 1971 alium
458 1908 599 1972 ordinem
615 1907 832 1972 decucurrisse
852 1908 883 1971 in
898 1908 1001 1972 ueteri
1020 1908 1228 1990 dispositione
1243 1910 1328 1994 apud

177 2018 362 2091 creatorem,
392 2015 488 2077 alium
518 2014 550 2077 in
577 2032 659 2078 noua
688 2014 772 2097 apud
801 2014 974 2079 Christum.
1007 2032 1068 2079 non
1101 2034 1180 2099 nego
1209 2014 1327 2079 distare

130 2144 157 2185 rs
178 2121 369 2185 documenta
398 2120 527 2201 eloquii,
557 2126 725 2202 praecepta
748 2120 890 2197 uirtutis,
918 2120 1001 2203 legis
1026 2120 1221 2203 disciplinas,
1251 2122 1328 2185 dum

178 2233 284 2290 tamen
319 2231 388 2290 tota
419 2226 589 2290 diuersitas
622 2227 654 2290 in
683 2246 782 2290 unum
811 2231 844 2290 et
871 2226 1006 2291 eundem
1034 2227 1127 2291 deum
1157 2234 1327 2309 competat,

178 2334 269 2396 iilum
295 2333 429 2399 scilieet.
454 2352 472 2397 a
496 2352 557 2415 quo
583 2337 706 2397 constat
730 2352 798 2397 earn
822 2332 1010 2415 dispositam
1036 2334 1120 2398 sicut
1148 2340 1181 2399 et
1206 2334 1328 2417 praedi·

179 2443 293 2504 catam.
324 2440 400 2503 olim
429 2441 631 2505 contionatur
653 2440 764 2505 Esaias
788 2440 984 2521 prodituram
1010 2460 1045 2505 er
1069 2440 1144 2506 Sion
1167 2442 1272 2525 legem
1296 2445 1329 2505 et

179 2565 357 2611 sermonem
377 2546 495 2610 domini
514 2568 549 2611 er
568 2547 779 2624 Hierusalem,
800 2547 895 2611 aliam
913 2548 1024 2630 utique
1042 2547 1146 2631 legem
1166 2549 1328 2630 aliumque

130 2680 159 2717 ao
180 2671 368 2717 sermonem.
407 2654 542 2736 denique
575 2653 773 2726 iudicabit,
806 2653 921 2735 inquit,
955 2654 1054 2718 inter
1085 2654 1258 2719 nationes
1292 2661 1328 2719 et

178 2760 354 2825 traducet
386 2762 564 2843 populum
599 2760 812 2842 plurimum,
847 2760 971 2825 scilicet
1002 2780 1062 2826 non
1096 2762 1190 2825 unius
1222 2763 1327 2844 gentis

179 2866 382 2945 Iudaeorum,
414 2867 470 2932 sed
498 2868 671 2943 nationum,
701 2886 781 2949 quae
809 2887 865 2949 per
891 2887 1008 2931 nouam
1035 2868 1139 2951 legem
1170 2868 1338 2951 euangelii

181 2977 213 3035 et
239 2992 360 3037 nouum
388 2992 564 3038 sermonem
594 2974 811 3056 apostolorum
840 2973 1022 3037 iudicantur
1054 2978 1086 3037 et
1118 2975 1328 3038 traducuntur

180 3078 265 3161 apud
289 3080 478 3161 semetipsas
503 3080 541 3143 de
564 3080 697 3163 pristino
727 3099 838 3158 errore,
867 3078 965 3142 simul
992 3079 1203 3156 crediderunt,
1232 3084 1326 3161 atque

132 3212 160 3253 rs
180 3185 290 3250 exinde
315 3186 518 3251 concidunt
541 3187 757 3251 machaeras
781 3188 817 3249 in
842 3188 977 3260 aratra,
1002 3189 1037 3249 et
1061 3186 1218 3265 nibinas,
1243 3185 1328 3266 quod

181 3311 282 3375 genus
310 3293 540 3357 uenabulorum
570 3298 627 3373 est,
661 3294 695 3356 in
724 3293 854 3373 falces,
887 3292 918 3354 id
952 3296 1003 3355 est
1033 3294 1117 3356 faros
1150 3295 1182 3356 et
1214 3309 1326 3356 saeuos

181 3399 338 3480 quondam
363 3400 484 3465 animos
509 3404 697 3464 conuertunt
720 3400 751 3463 in
776 3418 890 3463 sensus
914 3400 1028 3481 probos
1053 3402 1086 3463 et
1107 3398 1208 3463 honae
1226 3398 1327 3480 frugis

181 3507 350 3588 operarios.
380 3510 413 3569 et
439 3526 565 3571 rursus:
600 3506 729 3571 audite
756 3524 823 3584 me,
852 3505 991 3582 audito,
1019 3506 1184 3589 populus
1212 3524 1326 3579 mene,

272 3696 316 3765 rs]
334 3696 367 3751 cr.
386 3696 432 3749 ns.
452 3698 477 3753 2.
496 3697 521 3749 a.
576 3696 622 3765 ao]
643 3696 778 3763 naas
833 3696 934 3766 aspro.
989 3698 1036 3765 aa]
1057 3696 1101 3749 ss.
1120 3696 1164 3762 ai,
1181 3698 1208 3749 4.

216 3806 233 3857 4
253 3807 285 3857 ut
302 3803 416 3857 alterum
435 3804 546 3871 scr-ipsi:
565 3804 678 3857 alterum
697 3803 760 3858 MR
824 3806 840 3857 5
860 3802 956 3857 exinde
973 3802 1086 3871 scripsi:
1103 3805 1135 3855 ut
1153 3800 1248 3855 exinde
1267 3803 1328 3856 Mn

181 3891 325 3946 antithesis
345 3891 414 3958 ΜΡ,
438 3892 598 3946 antitheseis
618 3892 652 3959 R,
678 3892 828 3945 antitheses
850 3892 992 3945 Ochema:
1013 3893 1056 3944 ita
1074 3908 1127 3959 per
1150 3895 1236 3944 totum
1259 3908 1328 3959 opus

180 3981 278 4033 uariat
295 3981 437 4049 scriptura
451 3981 482 4033 in
501 3981 550 4034 hoc
569 3980 706 4033 uocabulo
711 3999 721 4047 ;
739 3996 785 4048 epo
804 3980 904 4049 ubique
920 3997 1018 4048 sequor
1036 3980 1141 4034 codices
1212 3980 1229 4033 8
1248 3997 1327 4049 opor·

181 4070 273 4123 tunins
296 4069 338 4137 M,
367 4072 545 4138 opportunius
568 4070 687 4137 Ruulpo
764 4070 780 4122 9
809 4069 1026 4133 retunderentur,
1054 4084 1216 4139 quamquam
1244 4070 1328 4137 ureipo

183 4156 405 4228 sesquinona,
421 4156 619 4227 etquidemM
666 4156 1013 4224 turcomannorum
1068 4157 1328 4226 nonnegoMGR³,

180 4264 270 4301 nonne
289 4263 353 4315 ergo
372 4246 410 4300 12¹
465 4248 499 4299 22
518 4248 606 4315 legem
626 4264 723 4299 nouam
744 4246 781 4299 M
833 4248 867 4300 25
886 4247 988 4300 zibinas
1007 4246 1117 4315 scripsi:
1137 4246 1267 4315 zibbynas
1286 4246 1327 4308 Μ,

181 4336 283 4389 sibinas
302 4335 330 4390 R
392 4336 426 4389 28
446 4335 537 4388 audite
556 4336 656 4403 scripsi
675 4335 733 4400 (ult.
754 4336 839 4398 loco).-
859 4334 952 4388 audite
971 4339 1000 4388 et
1018 4334 1060 4397 M,
1080 4333 1173 4387 audite
1192 4351 1235 4387 me
1255 4338 1282 4387 et
1301 4334 1328 4388 R
