3250 4959
315 402 380 464 428
544 396 658 462 Quinti
678 397 819 467 Septimi
837 396 1008 451 Florentis
1027 395 1228 450 Tertulliani

316 614 409 676 qnam
430 593 571 659 docebat.
594 594 723 677 proinde
742 594 770 659 si
789 595 822 656 et
839 592 1100 676 pseudoapostoli
1118 592 1324 673 inrepserant,
1350 590 1461 655 borum

317 720 441 783 quoque
475 701 611 783 qualitas
645 701 729 765 edita
762 705 821 777 eat,
859 699 1130 764 circumcisionem
1166 698 1400 763 uindicantium
1432 703 1461 761 at

315 807 462 872 Iudaicos
477 808 591 872 fastus.
618 806 694 871 adeo
709 826 770 871 nou
786 806 825 870 de
838 805 1082 888 praedicatione,
1100 804 1156 871 sed
1170 804 1208 869 de
1223 806 1462 870 conuersatione

316 933 334 976 a
356 913 456 979 Paulo
480 913 721 990 denotabantur,
747 932 846 994 aeque
870 912 1067 990 denotaturo,
1092 910 1120 977 si
1144 911 1219 993 quid
1244 911 1361 976 dedeo
1382 931 1463 977 crea·
1613 909 1614 988 1

315 1025 382 1086 tore
416 1025 471 1085 aut
504 1019 630 1085 Christo
669 1021 737 1084 eius
770 1023 936 1085 errassent.
973 1019 1074 1102 igitur
1109 1017 1336 1102 distinguenda
1373 1025 1500 1083 erunts

316 1128 451 1211 singula.
477 1128 504 1191 si
529 1127 691 1207 apostolos
711 1125 990 1209 praeuaricationis
1009 1129 1042 1189 et
1060 1125 1274 1190 simulationis
1293 1127 1465 1207 suspectos
1613 1133 1614 1210 1

318 1232 457 1297 Marcion
487 1233 596 1297 haberi
624 1234 766 1313 queritur
795 1251 898 1314 usque
931 1231 970 1295 ad
1003 1231 1162 1315 euangelii
1193 1230 1465 1314 deprauatiouem

317 1338 478 1404 Christum
497 1338 560 1401 iam
581 1344 720 1415 accusat,
745 1338 923 1403 accusando
943 1358 1023 1420 quos
1043 1336 1189 1402 Christus
1209 1337 1316 1420 elegit
1342 1338 1371 1401 si
1390 1356 1465 1401 uero

316 1444 454 1526 apostoli
473 1445 600 1527 quidem
620 1445 780 1529 integrum
800 1445 1004 1528 euangelium
1024 1444 1234 1521 contulerunt,
1254 1444 1294 1508 de
1308 1443 1382 1507 sola
1396 1463 1466 1508 coo·

315 1552 422 1616 uictus
441 1551 667 1633 inaequalitate
685 1551 877 1634 reprehensi,
896 1549 1158 1634 pseudoapostoli
1172 1553 1279 1614 antem
1294 1550 1467 1613 ueritatem
1482 1572 1505 1611 ro

316 1676 425 1722 eorum
453 1658 724 1738 interpolauerunt
753 1660 784 1720 et
810 1657 884 1721 inde
908 1661 983 1720 sunt
1004 1659 1113 1720 nostra
1136 1655 1270 1739 digesta,
1295 1656 1386 1737 quod
1408 1657 1467 1719 erit

316 1782 499 1847 germanum
514 1764 594 1827 illud
606 1764 822 1845 apostolorum
834 1763 1092 1839 instrumentum,
1104 1762 1188 1845 quod
1199 1762 1362 1827 adulteros
1373 1764 1466 1845 (non)

314 1891 446 1954 passum
466 1875 535 1935 est?
556 1872 641 1953 quod
659 1871 794 1934 Paulum
819 1870 1024 1933 inluminanit
1047 1872 1081 1933 et
1104 1870 1142 1933 ab
1162 1888 1197 1933 eo
1217 1868 1363 1932 Lucam?
1386 1871 1421 1933 at
1438 1868 1464 1931 si

315 1982 380 2041 tam
399 1977 543 2042 funditus
563 1977 703 2042 deletum
719 1982 778 2054 est,
793 1981 831 2041 ut
845 1977 1036 2059 cataclysmo
1051 1976 1186 2057 quodam
1200 1976 1246 2039 ita
1258 1974 1465 2039 inundatione

314 2084 512 2150 falsariorum
527 2086 753 2161 obliteratum,
780 2084 844 2147 iam
874 2103 947 2168 orgo
971 2102 1029 2147 nec
1051 2083 1191 2147 Marcion
1215 2082 1313 2145 babet
1338 2101 1463 2145 uerum.
1480 2102 1501 2141 n

315 2195 370 2255 aut
399 2192 426 2255 si
454 2193 560 2273 ipsum
585 2193 646 2255 erit
673 2212 796 2268 uerum,
824 2190 856 2255 id
885 2196 935 2255 est
960 2191 1187 2274 apostolorum,
1212 2186 1305 2269 quod
1320 2188 1464 2253 Marcion

314 2298 409 2361 babet
424 2299 523 2377 solus,
539 2299 572 2362 id
587 2298 745 2380 quomodo
760 2303 867 2363 nostro
883 2301 1046 2369 consonat,
1057 2296 1142 2379 quod
1155 2314 1217 2359 nou
1232 2294 1462 2377 apostolorum,

316 2403 371 2467 sod
387 2404 491 2469 Lucae
506 2404 660 2469 refertur?
676 2407 731 2469 aut
746 2404 772 2467 si
787 2424 848 2469 nou
864 2403 973 2468 statim
988 2404 1092 2467 Lucae
1107 2400 1325 2485 deputandum
1335 2404 1387 2465 ost
1401 2420 1462 2483 quo

314 2510 454 2575 Marcion
473 2511 585 2589 utitur,
610 2510 683 2592 quia
704 2515 811 2574 nostro
831 2515 993 2587 consonat,
1017 2508 1141 2573 scilicet
1162 2507 1342 2572 adulterato
1367 2508 1463 2572 etiam

315 2616 398 2680 circa
420 2616 562 2695 titulum,
582 2622 721 2681 ceterum
747 2617 964 2699 apostolorum
988 2620 1047 2693 est,
1070 2615 1133 2679 iam
1152 2633 1227 2697 ergo
1251 2617 1284 2678 et
1307 2616 1501 2689 nostrumne

315 2723 400 2804 quod
422 2723 469 2787 illi
490 2725 652 2798 consonat,
672 2742 770 2805 aeque
790 2725 1005 2805 apostolorum
1025 2726 1084 2787 est.
1104 2720 1170 2786 ‘sed
1189 2720 1406 2786 adulteratum
1425 2720 1462 2785 de
1613 2709 1614 2728 ¹

314 2828 409 2892 titulo
425 2837 572 2911 quoque)
592 2832 620 2893 4.
639 2830 725 2893 funis
741 2847 816 2912 ergo
832 2828 993 2893 ducendus
1009 2832 1058 2891 est
1077 2827 1288 2892 contentionis
1306 2826 1376 2909 pari
1390 2826 1461 2891 hinc

313 2933 386 2998 inde
405 2935 477 2999 nisu
496 2934 682 3001 fluctuante:
698 2955 756 3019 ego
776 2954 883 2999 meum
897 2936 967 2999 dico
982 2955 1105 3013 uerum,
1119 2933 1260 2999 Marcion
1276 2953 1387 3016 sunm;
1403 2952 1459 3018 ego

313 3042 484 3107 Marcionis
509 3042 638 3107 adfirmo
663 3044 888 3119 adulteratum,
912 3042 1054 3105 Marcion
1073 3059 1190 3104 meum.
1211 3040 1283 3123 quis
1301 3041 1459 3103 internos

314 3149 547 3224 determinabit,
572 3152 635 3215 nisi
656 3151 810 3233 temporis
830 3150 921 3227 ratio,
942 3150 972 3214 ei
990 3149 1208 3231 praescribens
1227 3149 1460 3225 auctoritatem,
1477 3170 1499 3212 u
1613 3171 1614 3230 1

315 3257 400 3341 quod
432 3258 594 3339 antiquius
627 3259 834 3341 repperietur,
867 3261 900 3322 et
932 3258 962 3321 ei
993 3256 1214 3340 praeiudicans
1247 3256 1460 3336 uitiatiouem,

315 3365 399 3447 quod
422 3365 581 3448 posterius
607 3367 807 3429 reuiucetur?
831 3365 862 3427 in
883 3369 1037 3446 quantum
1057 3364 1140 3427 enim
1159 3363 1275 3429 falsum
1301 3362 1459 3445 corruptio

405 3489 429 3556 1]
450 3487 483 3541 er.
504 3485 563 3541 cal.
582 3489 608 3553 a,
627 3487 652 3540 a.
708 3489 733 3555 a]
755 3486 788 3541 ef.
808 3485 868 3541 car.
887 3488 913 3549 a,
932 3486 1012 3539 a-r.
1613 3473 1614 3556 1

350 3595 363 3647 1
385 3593 606 3663 pseudoapostoli
624 3592 694 3660 MF,
714 3593 917 3661 pseudapostoli
934 3593 1053 3662 Rualpo
1130 3594 1147 3646 3
1166 3591 1253 3645 fastus
1272 3589 1356 3658 affl,
1374 3589 1458 3643 fastos

313 3682 352 3737 12³
362 3682 444 3750 renlpo
492 3684 525 3735 10
536 3682 756 3751 pseudoapostoli
766 3682 835 3749 ΜΓ,
849 3680 1053 3751 pseudapostoli
1067 3680 1188 3750 Rssnlpo
1229 3681 1261 3733 11
1278 3695 1331 3748 quo
1346 3684 1391 3743 (=
1401 3676 1459 3749 on]

313 3771 377 3839 Enp
415 3772 515 3824 1211011
536 3770 642 3835 addidi,
663 3770 799 3824 adulteros
820 3788 928 3840 passum
943 3774 992 3830 est,
1009 3770 1080 3838 quod
1091 3812 1097 3822 .
1109 3768 1261 3824 ..Lucaml
1280 3768 1347 3836 Enp
1383 3770 1416 3821 13
1431 3773 1459 3822 at
1613 3783 1614 3796 ¹

312 3861 426 3928 scripsi:
440 3864 487 3913 aut
496 3859 558 3913 MR
601 3862 633 3913 14
648 3864 704 3913 tarn
718 3859 788 3921 MR,
804 3860 858 3912 iam
867 3859 932 3928 Enp
979 3860 1010 3912 17
1020 3865 1086 3927 post
1099 3859 1172 3911 solus
1186 3857 1458 3926 sipnnmintmoqa·
1613 3853 1614 3930 1

313 3948 496 4002 lionrsdoloui
550 3947 579 4000 id
587 3950 702 4015 scripsi:
719 3952 747 4001 et
758 3948 821 4003 MR
862 3949 897 4002 20
912 3954 1030 4001 ceterum
1044 3948 1157 4016 (=oed)
1169 3946 1457 4001 Uiacooniaascetero·
1613 3953 1614 4030 1

312 4054 370 4091 rum
381 4037 443 4092 MR
480 4039 512 4091 21
525 4042 573 4099 est,
585 4036 726 4106 seduulpo
774 4033 1459 4106 sed-quoqueadnersmdisunmproptereaamle
1613 4069 1614 4094 ,

309 4131 373 4193 post
397 4142 504 4194 quoque
529 4126 739 4193 distinpnnntur
761 4128 857 4193 capita
948 4127 981 4177 25
1001 4123 1195 4179 determinabit
1211 4122 1248 4191 R,
1267 4122 1458 4177 determinabit
1613 4119 1614 4214 1

313 4213 377 4267 MF
429 4215 462 4267 26
482 4215 610 4283 antiquus
628 4214 666 4268 M
737 4214 989 4283 repperieturMF,
1008 4211 1198 4283 reperieturR
1251 4211 1285 4264 27
1305 4210 1457 4265 remoretur
1613 4237 1614 4288 1

312 4302 466 4355 inuenietur
484 4303 565 4365 MR¹,
584 4304 737 4356 inuenietur
756 4304 806 4356 dcl.
827 4303 866 4357 12³
1613 4347 1614 4350 κ

1613 4461 1615 4514 l
