3250 4959
296 365 360 426 328
526 362 642 428 Quinti
661 364 800 434 Septimi
819 365 988 419 Florentia
1007 366 1211 420 Tertulliani

294 556 429 620 nolendo
461 557 634 638 prohibuit,
668 559 751 624 malo
783 562 890 624 autem
923 579 1049 642 parcere
1082 560 1176 624 deum
1208 561 1369 646 indignius
1402 563 1445 625 sit

296 683 391 746 quam
418 665 678 743 animaduertere,
713 669 745 730 ct
777 665 906 748 quidem
935 666 992 730 deo
1021 667 1152 748 optimo,
1186 667 1239 749 qui
1271 687 1332 733 non
1366 669 1443 732 alias

296 773 387 853 plane
413 771 516 835 honus
549 772 602 852 sit,
635 772 697 836 nisi
728 773 803 836 mali
834 774 988 852 aemulus,
1022 773 1070 836 uti
1098 774 1174 838 boni
1201 793 1338 838 amorem
1372 774 1442 840 odio

295 877 371 940 mali
390 882 533 942 exerceat
552 882 584 942 et
606 879 681 942 honi
703 879 838 943 tutelam
864 879 1091 963 expugnatione
1115 879 1190 944 mali
1213 880 1354 962 impleat.

341 986 392 1048 27.
412 984 474 1049 Sed
492 984 615 1049 iudicat
632 985 724 1068 plane
743 987 862 1051 malum
883 987 1018 1051 nolendo
1038 991 1070 1050 et
1088 986 1215 1050 damnat
1238 987 1443 1070 prohibendo,
1475 1010 1488 1048 a

296 1090 431 1156 dimittit
458 1096 564 1155 autem
593 1111 654 1156 non
683 1092 875 1158 uindicando
905 1096 937 1156 et
965 1092 1105 1156 absoluit
1133 1113 1192 1157 non
1217 1093 1385 1176 puniendo.
1425 1113 1442 1157 o

296 1199 389 1262 deum
417 1198 563 1263 ueritatis
592 1199 889 1280 praeuaricatorem,
919 1199 1095 1264 sententiae
1123 1219 1199 1264 suae
1223 1201 1443 1282 circumscrip-

295 1309 413 1369 torem!
454 1306 547 1369 timet
576 1305 721 1368 damnare
750 1305 835 1388 quod
860 1305 996 1375 damnat.
1027 1307 1120 1370 timet
1143 1306 1249 1371 odisse
1273 1307 1359 1389 quod
1383 1327 1442 1372 non

296 1417 391 1488 amat,
410 1414 530 1477 factum
552 1413 628 1477 sinit
647 1412 731 1494 quod
750 1412 818 1476 fieri
838 1431 898 1476 non
920 1413 1005 1489 sinit,
1025 1414 1151 1478 mauult
1176 1412 1342 1478 ostendere
1368 1414 1443 1496 quid

295 1519 376 1583 nolit
412 1539 507 1601 quam
542 1520 682 1601 probare.
713 1518 772 1583 hoc
805 1519 866 1582 erit
893 1519 1018 1583 bonitas
1048 1518 1245 1604 imaginaria,
1263 1517 1442 1603 ‘disciplina
1461 1547 1486 1586 ro

295 1625 484 1708 phantasma
512 1628 554 1715 et¹
574 1627 653 1708 ipsa,
687 1626 933 1690 transfunctoria
965 1629 1141 1708 praecepta,
1175 1645 1286 1691 secura
1318 1627 1442 1692 delicta.

296 1733 414 1809 audite,
439 1736 632 1815 peccatores,
658 1731 775 1814 quique
796 1732 934 1796 nondum
956 1734 1014 1797 hoc
1035 1733 1123 1809 estis,
1148 1738 1184 1796 ut
1208 1753 1277 1798 esse
1296 1735 1440 1815 possitis:

296 1840 374 1904 dous
393 1840 506 1903 melior
523 1840 672 1903 iuuentus
696 1842 755 1917 ast,
781 1839 835 1921 qui
860 1858 916 1902 nec
942 1839 1111 1903 offenditur
1134 1859 1191 1904 uec
1216 1840 1365 1905 irascitur
1387 1861 1441 1906 nec

295 1947 472 2021 ulciscitur,
506 1946 558 2009 cui
587 1946 696 2010 nullus
724 1947 809 2028 ignis
840 1945 985 2027 coquitur
1013 1947 1043 2009 in
1074 1946 1225 2029 gehenna,
1256 1947 1307 2011 cui
1335 1947 1441 2012 nullus

297 2053 440 2117 dentium
464 2053 590 2117 frendor
612 2053 719 2116 horret
742 2053 773 2116 in
794 2053 1001 2116 exterioribus
1021 2052 1174 2116 tenebris:
1198 2054 1300 2117 honus
1319 2057 1439 2118 tantum
1459 2079 1483 2120 rs

296 2163 355 2223 est.
389 2157 524 2240 denique
552 2157 699 2240 prohibet
722 2157 914 2239 delinquere,
949 2157 1004 2222 sed
1027 2157 1144 2222 litteris
1170 2159 1257 2240 solis.
1295 2160 1326 2223 in
1351 2161 1441 2224 uobis

295 2268 354 2335 est,
392 2266 421 2327 si
451 2265 559 2328 urelitis
591 2265 639 2327 illi
673 2265 862 2346 obsequium
897 2265 1093 2348 subsignare,
1132 2268 1169 2328 ut
1200 2265 1350 2329 honorem
1384 2265 1440 2330 deo

294 2372 444 2436 habuisse
468 2370 654 2444 uideamini;
679 2372 825 2434 timorem
851 2372 933 2435 enim
958 2391 1019 2436 non
1043 2372 1123 2436 uult
1147 2376 1242 2453 atque
1266 2371 1345 2436 adeo
1369 2392 1440 2456 prae

295 2499 329 2543 se
352 2480 459 2542 ierunt
475 2478 691 2553 Marcionitae,
717 2477 802 2558 quod
827 2477 922 2541 detrm
946 2497 1039 2541 suum
1065 2479 1191 2543 omniuo
1217 2499 1276 2544 non
1294 2479 1440 2562 timeant.

295 2586 408 2650 ‘malus
423 2586 527 2662 enim',
541 2585 699 2666 inquiunt,
711 2579 896 2662 timebitur,
909 2584 1008 2648 honus
1020 2589 1126 2648 autem
1142 2583 1314 2669 diligetur’.
1331 2585 1438 2660 stulte,
1458 2612 1484 2652 ro

296 2711 389 2773 quem
419 2690 582 2755 dominum
612 2690 754 2773 appellas
786 2708 884 2772 negas
919 2689 1106 2766 timendum,
1139 2709 1212 2754 cum
1239 2690 1300 2756 hoc
1330 2712 1441 2757 nomon

295 2799 464 2879 potcstatis
480 2799 533 2874 sit,
554 2797 650 2861 etiam
669 2795 850 2860 timendae?
876 2801 908 2860 at
923 2796 1080 2878 quomodo
1102 2797 1228 2880 diliges,
1248 2798 1310 2861 uisi
1329 2799 1440 2862 timeas

295 2905 533 2989 condiligere?
560 2905 651 2987 plane
675 2922 732 2967 uec
757 2906 947 2984 paterinus
973 2903 1086 2980 estin
1111 2923 1203 2985 quem
1230 2909 1390 2988 competat
1412 2909 1442 2967 et

296 3031 383 3075 amor
407 3015 535 3092 propter
556 3010 706 3091 pietatem
733 3014 765 3072 et
787 3011 884 3074 timor
907 3013 1035 3093 propter
1058 3013 1259 3092 potestatem,
1284 3029 1342 3074 nec
1366 3011 1440 3092 legi-

294 3118 394 3180 timus
414 3117 572 3190 dominus,
596 3123 634 3178 ut
652 3115 766 3200 diligas
789 3121 919 3198 propter
938 3117 1168 3181 humanitatem
1188 3120 1220 3180 et
1238 3115 1353 3182 timeas
1372 3135 1438 3200 pro·
1457 3143 1483 3185 aa

294 3227 364 3304 pter
391 3222 600 3304 disciplinam.
642 3221 688 3284 sic
716 3221 851 3302 denique
880 3221 1025 3304 plagiarii
1049 3221 1233 3306 diliguntur,
1258 3241 1317 3286 non
1346 3223 1439 3286 ctiam

295 3330 456 3393 timentur.
494 3349 555 3392 uon
580 3329 663 3392 enim
685 3327 852 3392 timebitur
875 3329 937 3392 nisi
961 3327 1047 3392 iusta
1071 3331 1103 3392 et
1125 3328 1280 3392 ordinaria
1303 3328 1440 3394 domina·

295 3435 351 3502 tio.
376 3434 467 3518 diligi
486 3440 592 3499 autem
611 3437 719 3518 potest
739 3435 833 3498 etiam
851 3434 1009 3508 adulicum
1034 3436 1260 3500 sollicitatione
1274 3436 1356 3499 enim
1373 3453 1439 3499 con·

297 3547 370 3618 stat,
385 3562 444 3606 nou
462 3542 661 3618 auctoritate,
678 3545 709 3604 et
728 3541 919 3606 adulatione.
941 3561 999 3605 non
1020 3545 1188 3625 potestate.
1214 3542 1290 3624 qnid
1309 3541 1439 3623 denique

368 3701 411 3768 14]
424 3699 560 3753 cihiatth.
572 3700 651 3765 5‚30;
665 3700 706 3758 18.
717 3700 745 3754 8.
757 3699 838 3751 hiare.
850 3701 873 3762 9,
884 3701 927 3752 43.
967 3700 1011 3768 lia]
1025 3699 1165 3754 cf.h1atth.
1176 3700 1202 3760 8,
1215 3699 1260 3762 1·2;
1270 3699 1335 3753 Luc.
1348 3700 1388 3764 13,
1397 3699 1438 3750 2³¹.

333 3807 345 3857 1
362 3805 510 3875 prohibuit.
526 3806 597 3859 malo
612 3805 697 3872 sculpo
748 3807 763 3856 3
780 3806 859 3875 plane
874 3805 918 3872 111,
932 3807 1009 3874 plene
1025 3808 1051 3860 n
1061 3806 1144 3873 uulgo
1190 3807 1207 3858 4
1223 3808 1251 3858 et
1264 3803 1346 3870 MR³,
1360 3803 1438 3856 11111Ι

296 3895 492 3948 ioseutentiae
511 3895 546 3948 M
564 3896 636 3962 (epil.
656 3911 703 3948 seu
724 3897 753 3947 ia
771 3899 840 3960 rus.)
903 3896 920 3947 8
940 3911 994 3947 non
1012 3911 1063 3948 om.
1083 3895 1112 3946 1¹¹
1174 3895 1204 3947 ll
1225 3893 1395 3964 phantasma.
1413 3898 1439 3944 et

294 3983 355 4050 ipsa
373 3983 584 4037 transfunctoria
599 3985 682 4052 uulgo
739 3985 772 4037 14
787 3985 911 4053 coquitur
926 3989 973 4052 (qu
988 3999 1020 4036 ear
1034 4001 1052 4051 g
1066 4001 1084 4036 a
1098 4001 1132 4036 ra.
1146 3987 1171 4050 1)
1185 3983 1221 4036 M
1290 3998 1394 4052 geeunu
1408 3979 1440 4032 Μ

296 4072 324 4125 th
343 4089 364 4124 a.
383 4089 410 4124 u.
432 4073 497 4129 aaa.
518 4077 594 4140 1111)
652 4073 685 4124 16
703 4073 791 4125 literis
810 4074 846 4126 M
901 4075 933 4128 18
957 4089 1021 4141 prae
1046 4090 1074 4125 se
1097 4071 1188 4125 ferunt
1210 4071 1294 4136 Mitt
1317 4087 1346 4124 se
1365 4086 1439 4140 prae-

296 4162 387 4214 ierunt
407 4161 447 4214 12¹
511 4163 545 4214 20
574 4164 644 4214 enim
672 4162 783 4229 scripsi.-
814 4167 904 4214 autem
924 4161 985 4214 MR
1059 4160 1188 4230 diligetur
1207 4161 1248 4216 M.
1273 4160 1396 4229 diligitur
1414 4158 1440 4212 R

296 4251 329 4302 :¹2
350 4250 433 4303 etiam
453 4267 503 4303 om.
525 4251 553 4302 F
623 4255 651 4302 at
671 4250 707 4315 R,
726 4257 773 4303 aut
793 4251 829 4302 ,11
882 4252 915 4303 ab
935 4251 1056 4319 placiarii
1076 4249 1113 4302 M
