3250 4959
399 385 434 438 Il.
454 385 500 438 De
519 385 635 440 Carnis
655 385 915 442 Resurrectione
934 389 1050 444 33-34.
1252 393 1294 456 73

145 580 278 644 nomina
304 579 449 644 absolute
479 584 554 645 sunt
581 600 696 658 rernm,
721 581 751 646 id
781 588 832 646 eet
858 582 969 648 indicii
999 587 1032 647 et
1058 585 1148 668 regni
1181 584 1232 649 dei
1264 588 1296 650 et

147 686 400 762 resurrectionis,
425 691 463 750 ut
485 685 566 750 nihil
590 707 696 751 eorum
725 689 757 751 in
782 689 962 771 parabolam
994 691 1159 772 comprimi
1182 692 1296 774 possit,

147 813 208 858 nec
236 813 273 858 ea
295 794 328 857 in
355 793 520 876 parabolas
549 795 788 875 compellantur,
819 815 898 878 quae
927 796 966 860 ad
995 796 1237 878 dispositionem
1265 802 1297 863 et

146 901 395 965 transactionem
431 901 519 984 regni
557 904 588 964 et
625 902 806 982 passionom
844 902 954 966 iudicii
992 907 1025 966 et
1055 903 1294 968 resurrectionis

113 1007 385 1090 apraedioantum
410 1009 504 1089 atque
527 1007 573 1071 ita
597 1009 770 1090 corporalia
794 1008 1001 1073 defendentur
1023 1012 1060 1073 ut
1078 1010 1293 1093 corporalibus

147 1113 318 1191 destinata,
351 1113 384 1178 id
417 1119 466 1178 est
497 1133 558 1178 non
592 1115 756 1196 spiritalia,
790 1116 865 1197 quia
896 1135 958 1180 non
986 1115 1131 1200 figurata.
1165 1135 1238 1180 nam
1265 1120 1298 1180 et

145 1220 219 1284 ideo
244 1219 495 1301 praestruximus
518 1223 582 1286 tem
609 1239 722 1303 corpus
752 1221 875 1286 animae
899 1241 993 1305 quam
1019 1227 1051 1286 et
1074 1223 1176 1286 carnis
1202 1223 1296 1286 obno-

146 1327 235 1390 xium
260 1345 330 1390 esse
353 1325 554 1392 mercedibus
579 1347 634 1408 pro
660 1331 821 1392 communi
845 1329 1028 1410 operatione
1055 1328 1234 1410 pensandis,
1258 1349 1297 1392 ne

147 1433 355 1516 corporalitas
375 1434 497 1498 animae
517 1434 713 1498 occasionem
735 1434 980 1499 subministrans
1000 1435 1169 1519 figurarum
1189 1453 1297 1518 corpo·

98 1563 127 1601 ιο
146 1539 307 1604 ralitatem
333 1541 434 1604 carnis
458 1540 615 1616 excludat,
645 1561 717 1604 eum
741 1545 910 1624 utramque
938 1542 1123 1624 participem
1153 1549 1186 1606 et
1208 1542 1298 1626 regni

148 1651 182 1710 et
200 1647 312 1711 iudicii
332 1651 364 1710 et
381 1649 622 1714 resurrectionis
638 1653 783 1732 oporteat
801 1648 894 1712 credi.
914 1655 947 1712 et
964 1669 1047 1713 nunc
1067 1669 1103 1713 eo
1123 1649 1296 1732 pergimus,

146 1754 198 1818 nti
227 1753 482 1836 corporalitatem
513 1756 669 1820 carnalem
699 1757 823 1840 proprie
852 1755 1106 1821 demonstremus
1130 1775 1148 1818 a
1172 1755 1296 1820 domino

147 1858 321 1942 significari
340 1861 371 1925 in
392 1863 477 1925 omni
495 1863 735 1927 resurrectionis
754 1863 925 1938 mentione,
941 1863 1032 1927 salua
1050 1861 1187 1939 animali,
1202 1880 1296 1943 quam

147 1971 181 2032 et
205 1968 307 2050 ipsam
332 1969 426 2050 pauci
448 1971 645 2050 receperunt.

100 2095 126 2134 rs
195 2076 247 2138 34.
270 2073 307 2136 In
331 2073 442 2154 primis
467 2094 538 2138 cum
565 2074 603 2138 ad
627 2075 687 2138 boc
710 2074 838 2138 uenisse
863 2073 1005 2150 sedicit,
1029 2075 1077 2138 uti
1097 2073 1181 2155 qarod
1203 2073 1299 2156 periit

149 2180 277 2244 saluum
293 2179 399 2255 faciat,
420 2181 497 2262 quid
512 2181 591 2244 dicis
609 2182 749 2266 perisse?
769 2181 929 2245 bominem
944 2181 1011 2244 sine
1030 2181 1135 2244 dubio.
1153 2185 1297 2244 totumne

149 2305 188 2350 an
214 2303 251 2350 ex
274 2288 384 2368 parte?
409 2286 519 2368 utique
538 2290 652 2365 totum,
676 2285 834 2368 siquidem
853 2286 1073 2369 transgressio,
1098 2303 1178 2368 quae
1197 2287 1298 2366 perdi-

150 2393 248 2456 tionis
274 2393 429 2457 bumanae
455 2411 551 2457 cause
574 2395 633 2470 est,
663 2397 728 2457 tam
758 2393 879 2456 animae
908 2392 1062 2457 instinctu
1086 2412 1122 2456 ex
1151 2394 1299 2476 concupi-

151 2499 273 2564 scentia
296 2519 391 2581 quam
415 2503 447 2564 et
470 2500 571 2564 carnis
596 2504 669 2564 actu
694 2519 729 2563 ex
754 2499 976 2584 degustatione
1000 2500 1171 2565 comrrrissa
1193 2505 1298 2563 totum

103 2606 310 2670 inhominem
336 2607 439 2689 elogio
464 2606 725 2690 transgressionis
744 2607 910 2689 inscripsit
932 2609 1027 2688 atque
1052 2607 1161 2670 exinde
1184 2606 1297 2669 merito

151 2711 337 2795 perditionis
360 2712 519 2795 impleuit.
547 2717 636 2777 totus
663 2713 771 2794 itaque
800 2712 909 2777 saluus
937 2713 992 2786 fiet
1021 2713 1074 2794 qui
1102 2713 1183 2794 perit
1211 2718 1297 2776 totns

151 2818 373 2899 delinquendo.
396 2819 458 2884 nisi
483 2819 510 2882 si
530 2825 562 2883 et
581 2821 651 2884 ouis
675 2820 730 2883 illa
754 2821 822 2885 sine
846 2839 976 2903 corpore
1000 2819 1158 2882 amittitur
1181 2824 1212 2882 et
1231 2819 1298 2882 sine

150 2943 282 3006 corpore
305 2930 483 2990 reuocetur.
508 2927 628 2990 namsi
652 2945 724 2992 caro
744 2944 870 3009 quoque
889 2927 959 2990 eius
980 2945 1051 2991 oum
1076 2925 1190 3001 anima,
1215 2924 1299 3007 quod

149 3051 248 3113 pecus
272 3035 376 3095 totum
402 3035 461 3110 est,
486 3033 625 3096 humeris
651 3033 724 3096 boni
743 3034 881 3115 pastoris
901 3033 1080 3109 aduebitur,
1105 3051 1141 3096 er
1164 3037 1297 3114 utraque

104 3162 130 3204 as
150 3139 264 3219 ntique
283 3139 463 3203 substantia
481 3137 669 3204 restituendi
689 3140 827 3203 bominis
851 3139 1028 3221 exemplum
1053 3149 1110 3203 est.
1130 3143 1187 3202 aut
1204 3158 1299 3220 quam

149 3243 317 3327 indignum
342 3243 410 3322 deo,
436 3244 602 3309 dimidium
627 3245 785 3310 bominem
809 3245 951 3330 redigere
974 3245 1005 3308 in
1031 3247 1176 3318 salutem,
1200 3263 1298 3325 paene

243 3555 286 3622 15]
306 3555 340 3611 cl.
359 3557 425 3611 Luc.
446 3559 488 3626 19,
510 3561 551 3614 10.
606 3560 651 3627 22]
673 3559 705 3612 cl.
726 3560 787 3612 Luc.
810 3560 852 3627 15,
871 3559 950 3613 4-6.

188 3751 199 3802 1
222 3749 347 3803 absolute
366 3751 426 3803 PM
446 3755 525 3818 (nom.
547 3769 560 3821 p
579 3753 610 3805 ia
629 3769 645 3805 a
663 3769 698 3806 m.
713 3755 752 3819 2),
773 3751 898 3805 absoluta
911 3751 941 3804 F
950 3752 1002 3805 θεῖ
1020 3753 1119 3819 reliqui
1173 3753 1189 3806 3
1208 3751 1299 3820 dispo·

150 3837 277 3892 sitionern
297 3837 438 3894 MFGR³.
458 3837 687 3907 dispensationem
706 3838 773 3894 PR¹
827 3841 845 3892 4
863 3841 1075 3893 transactionem
1096 3841 1171 3907 regni
1191 3845 1219 3892 et
1238 3857 1299 3908 pas·

150 3925 253 3980 sionem
278 3927 374 3981 iudicii
394 3927 508 3995 compsi:
530 3929 743 3981 transactionem
768 3931 796 3981 et
818 3929 971 3998 passionem
995 3929 1072 3995 regni
1095 3927 1189 3981 iudicii
1212 3927 1302 3980 PMF

150 4012 418 4068 bdelendantnrlll
435 4017 479 4080 (aa.
495 4011 571 4080 2)N
579 4017 634 4083 Rip
688 4016 1024 4086 ipraestrinrimusPR¹
1077 4015 1301 4084 &pensandnsl'

148 4107 229 4171 (corr.
249 4103 287 4158 Β)
308 4101 343 4156 Μ
363 4109 441 4159 locor.
461 4121 495 4157 aa.
514 4105 540 4174 1)
596 4106 628 4158 13
653 4105 777 4158 animalis
797 4105 832 4156 M
850 4107 912 4160 risit.
933 4123 945 4157 s
964 4105 1048 4173 erus.)
1108 4108 1139 4158 18
1159 4121 1255 4159 causae
1274 4105 1301 4156 P

149 4196 231 4256 (corr.
250 4190 289 4258 R)
307 4191 345 4244 M
360 4194 438 4260 (corr.
458 4209 492 4246 m.
512 4197 537 4258 1)
593 4193 626 4246 21
647 4194 717 4262 perit
735 4193 831 4256 PMF,
851 4195 932 4262 periit
953 4194 1004 4247 Gal
1065 4195 1099 4246 22
1118 4192 1299 4262 delinquendo

148 4285 225 4335 totns
248 4279 300 4335 Get
354 4283 388 4336 23
408 4281 460 4334 nisi
479 4280 507 4334 P
523 4282 586 4348 (del.
605 4283 634 4334 ni
652 4283 690 4348 R)
