3250 4959
431 393 490 448 VH.
509 394 676 449 Aduersus
695 395 895 450 Marcionem
911 396 960 451 lib.
979 397 1002 450 V
1023 397 1136 453 12-13.
1284 402 1349 466 619

199 591 234 652 st
265 589 296 652 in
328 588 433 654 iudice
461 589 597 654 ultorem
627 594 658 654 et
682 593 854 656 creatorem
878 592 909 655 in
933 591 1046 656 ultore.
1079 590 1188 674 itaque
1221 596 1255 657 et
1284 593 1347 673 hic,

200 714 273 760 cum
289 695 381 760 dicit:
403 697 475 762 n'on
495 696 598 761 enim
617 717 675 762 me
694 698 822 779 pudet
840 698 1067 781 euangelii3
1087 699 1223 763 uirtus
1244 700 1346 764 enim

201 801 264 866 dei
281 806 342 868 est
361 803 398 866 in
420 804 594 868 salutem
615 804 719 868 omni
740 805 933 882 credenti,
952 805 1103 870 Iudaeo
1123 809 1160 870 at
1181 804 1347 885 Graeco,

201 910 296 990 quia
324 908 495 974 iustitia
525 910 588 974 dei
612 910 649 973 in
674 930 716 975 eo
741 913 954 976 reueletur
978 930 1021 974 ex
1043 911 1126 975 tide
1150 912 1188 975 in
1213 911 1348 986 fidem,

166 1016 270 1080 esino
299 1015 395 1080 dubio
419 1019 451 1081 et
475 1017 677 1100 euangelium
702 1021 734 1083 ct
758 1020 894 1082 salntem
918 1018 1005 1083 insto
1030 1018 1089 1083 deo
1113 1018 1254 1102 deputat,
1287 1039 1348 1085 non

199 1122 293 1200 bono,
317 1157 361 1168 -
384 1125 421 1186 ot
443 1123 488 1186 ita
513 1123 642 1188 dixerim
667 1124 842 1188 secundum
865 1124 1016 1189 haeretici
1044 1124 1283 1189 distinctionem
1305 1163 1348 1175 ·-

199 1228 403 1294 transferenti
418 1248 454 1294 ex
468 1229 529 1294 tide
543 1230 625 1314 legis
641 1229 672 1294 in
692 1229 786 1294 fidem
806 1230 976 1314 euangelii,
992 1249 1069 1296 snae
1086 1231 1199 1314 ntique
1217 1231 1299 1315 logis
1318 1235 1352 1296 et

201 1335 253 1400 sni
268 1336 436 1420 euangelii,
452 1337 600 1419 quoniam
616 1341 648 1402 et
661 1339 739 1402 irem
754 1338 837 1422 (dei)
852 1337 930 1402 dicit
942 1339 1076 1402 reuelari
1091 1338 1129 1402 do
1149 1339 1235 1402 caelo
1255 1358 1351 1421 snper

199 1441 399 1526 impietatem
415 1446 447 1508 et
460 1443 651 1508 iniustitiam
667 1445 842 1522 hominum,
858 1444 913 1527 qni
932 1445 1100 1510 ueritatem
1114 1444 1179 1528 (in)
1192 1444 1351 1509 iniustitia

154 1569 180 1607 ro
201 1550 371 1614 detineant.
394 1549 486 1615 cuius
510 1550 561 1614 dei
583 1551 650 1614 ira?
676 1551 785 1633 otique
810 1551 971 1616 creatoris.
996 1569 1070 1636 orgo
1090 1555 1123 1615 et
1140 1551 1259 1616 ueritas
1279 1551 1349 1614 eiua

202 1658 272 1734 erit,
307 1657 398 1722 cuius
427 1661 459 1722 et
486 1658 542 1734 ira,
577 1677 656 1740 quae
683 1659 819 1723 rouelari
843 1657 939 1722 habet
960 1659 993 1721 in
1016 1657 1172 1722 ultionem
1195 1657 1349 1722 ueritatis.

204 1764 299 1828 etiam
320 1763 472 1829 adiciens:
499 1764 650 1829 scimus
671 1769 804 1830 antem
824 1764 1023 1829 indiciam
1044 1763 1108 1828 dei
1128 1763 1350 1828 secundum

201 1872 423 1936 ueritatem
462 1891 551 1937 esse
592 1875 625 1936 et
660 1872 738 1935 iram
772 1873 875 1954 ipsam
908 1871 1064 1954 probauit,
1100 1889 1137 1936 ax
1169 1890 1231 1952 qna
1262 1871 1352 1934 uenit

202 1977 357 2042 iudicium
390 1997 445 2060 pro
474 1979 619 2057 ueritate,
654 1982 685 2042 ot
713 1978 880 2042 ueritatem
904 1996 1015 2042 rursus
1039 1977 1180 2042 eiusdem
1206 1977 1256 2042 dei
1280 1996 1350 2041 con-

156 2101 183 2142 io
203 2084 354 2162 firmauit,
379 2084 470 2148 cuius
494 2085 572 2148 iram
598 2083 742 2168 probauit
768 2085 928 2166 probando
946 2084 1110 2148 iudicium.
1134 2083 1298 2161 aliodem,
1323 2083 1351 2148 si

201 2191 372 2255 ueritatem
404 2191 455 2255 dei
488 2192 618 2256 alterins
651 2191 681 2255 in
714 2190 874 2256 iniustitia
906 2191 1064 2256 detentam
1098 2192 1218 2255 creator
1250 2189 1351 2254 iratus

203 2299 377 2362 ulciscitur.
411 2301 541 2378 quantas
571 2302 676 2362 autem
701 2299 811 2362 fonoas
835 2299 867 2361 in
890 2299 954 2362 ista
976 2297 1030 2362 nel
1052 2297 1187 2361 maximo
1216 2295 1351 2377 epistola

202 2404 343 2470 Marcion
374 2405 486 2470 iecerit
513 2405 681 2470 auferendo
707 2424 786 2486 quaa
809 2405 925 2479 uoluit,
959 2404 998 2468 de
1021 2403 1123 2468 nostri
1145 2401 1352 2467 instrumenti

201 2511 386 2595 integritate
413 2512 546 2595 parebit.
579 2511 656 2576 mihi
686 2511 818 2588 sufficit,
851 2531 931 2593 quae
958 2510 1090 2592 proinde
1114 2508 1268 2574 eradenda
1290 2527 1351 2572 non

157 2631 184 2672 2⁰
203 2618 286 2682 uidit
318 2619 409 2700 quasi
437 2618 655 2702 neglegentias
685 2622 717 2683 et
741 2619 910 2683 caecitates
935 2617 1003 2681 eius
1027 2617 1180 2700 accipere.
1214 2615 1350 2679 sienim

202 2725 411 2790 iudicabit
444 2725 542 2789 deus
572 2726 737 2789 occulte
764 2725 979 2802 hominnm,
1012 2727 1078 2786 tam
1108 2741 1216 2787 eorum
1241 2721 1349 2803 quiin

201 2834 273 2916 lege
293 2833 494 2914 deliquerunt
514 2851 607 2914 quam
628 2849 735 2894 eornm
757 2830 811 2912 qui
831 2830 898 2893 sine
917 2831 998 2912 logo,
1013 2829 1144 2910 —quia
1158 2832 1191 2892 et
1209 2828 1242 2890 hi
1256 2827 1350 2910 (etsi)

202 2940 307 3022 legem
332 2939 489 3022 ignorant,
510 2943 542 3002 at
561 2941 673 3002 natura
692 2937 812 3000 faciunt
833 2955 913 3018 quae
933 2939 1007 3000 sunt
1029 2935 1174 3019 legis-
1192 2935 1304 3016 utiquo
1322 2933 1351 2998 is

203 3044 281 3109 deus
314 3045 479 3122 indicabit,
514 3045 605 3109 cuins
634 3045 709 3107 sunt
732 3047 765 3108 et
786 3044 837 3107 lar
860 3045 893 3107 et
915 3042 986 3124 ipsa
1008 3045 1130 3117 natura,
1163 3060 1244 3123 quae
1267 3039 1349 3122 legis

157 3162 184 3204 2⁵
204 3155 255 3216 est
276 3152 377 3216 instar
399 3152 617 3234 ignorantibus
641 3151 756 3234 legem.
779 3149 935 3213 iudicabit
958 3151 1064 3213 antem
1089 3146 1267 3229 quomodo?
1297 3163 1350 3208 se·

204 3258 376 3322 cundum
409 3259 677 3341 euangelium,
710 3257 826 3339 inquit,
858 3275 926 3338 per
959 3255 1180 3320 Christum.
1214 3271 1289 3336 ergo
1318 3254 1352 3315 et

292 3538 595 3608 2]Rom.1,16-17.
633 3537 661 3605 8]
682 3536 714 3588 cf.
734 3535 810 3588 Rom.
833 3537 856 3603 1,
876 3535 917 3587 18.
957 3534 1001 3602 12]
1017 3532 1093 3588 Rom,
1108 3531 1133 3601 2,
1148 3532 1172 3586 2.
1210 3531 1257 3598 21]
1272 3529 1350 3582 Rom.

202 3629 290 3698 2,16.
347 3627 582 3696 cf.Rom.2,12.
620 3625 775 3694 22]of.ib.
832 3623 865 3677 cf.
884 3623 961 3676 Rom.
980 3622 1064 3686 214.
1105 3622 1150 3689 25]
1169 3619 1246 3672 Rom.
1265 3619 1291 3687 2,
1308 3619 1350 3671 16.

240 3837 450 3908 tparcntheaico
467 3835 597 3890 indicaui
665 3832 847 3902 denarigelii.
867 3833 993 3901 qnoniam
1012 3831 1097 3900 culpo
1182 3826 1263 3881 8dei
1283 3825 1349 3880 add.

203 3928 275 3982 Pom
330 3922 639 3988 tessalonicam,
660 3924 774 3990 ecfert.
848 3921 877 3975 in
897 3920 963 3974 odd.
981 3919 1030 3986 12³,
1049 3934 1100 3973 om.
1119 3916 1191 3972 ΜΒ1
1249 3916 1283 3969 10
1303 3915 1349 3968 de·
1461 3951 1468 3963 Ι

201 4017 294 4072 tinent
307 4016 380 4070 Pam
435 4016 467 4069 13
486 4016 572 4084 ipsam
587 4013 630 4076 Μ,
648 4011 749 4081 ipsaR
819 4011 852 4064 16
870 4011 898 4063 in
919 4009 1019 4064 crn.M
1084 4007 1116 4062 18
1136 4005 1282 4066 auferendo
1301 4003 1349 4064 Ri,

204 4110 251 4160 ant
268 4104 408 4160 referendo
427 4103 502 4158 MR¹
556 4103 588 4154 21
609 4100 741 4155 iudicabit
759 4098 807 4164 12³,
827 4098 960 4153 iudicauit
977 4096 1052 4152 MR¹
1115 4097 1150 4152 22
1170 4099 1197 4148 et
1216 4094 1245 4147 hi
1260 4094 1353 4162 <etsi>

202 4195 316 4264 scripsi:
337 4193 412 4246 ethi
431 4192 492 4246 MR
595 4191 630 4245 23
654 4191 789 4259 ignorant,
810 4193 839 4242 at
856 4188 970 4256 scripsi:
988 4188 1117 4256 ignorant
1135 4188 1163 4238 et
1181 4182 1252 4246 MR,
1271 4182 1350 4252 igno-

202 4289 295 4340 rantes
317 4281 481 4338 ciacconius
552 4281 608 4334 sint
625 4280 661 4333 Μ
