3250 4959
323 428 387 489 402
552 422 668 487 Quinti
687 422 829 490 Septimi
846 419 1016 473 Florentia
1035 418 1239 473 Tertulliani

322 619 430 683 dolum
458 618 554 682 deum
581 636 701 681 narras:
736 622 792 692 aut
824 615 1017 680 diffidentiae
1049 618 1105 679 aut
1132 614 1366 679 malitiositatis
1398 633 1473 678 con·

322 724 429 788 silium
463 728 513 788 est
544 722 681 787 fallendo
719 722 796 805 quid
832 740 1029 805 promouere.
1065 720 1168 786 multo
1204 720 1337 785 liberius
1374 725 1471 802 atque

321 830 500 914 simplicius
520 833 653 915 egerunt
670 829 976 912 pseudoprophetae,
999 827 1154 893 aduersus
1175 830 1350 892 creatorem
1370 825 1401 890 in
1421 828 1472 890 sni

323 938 372 1003 dei
396 939 520 1003 nomine
543 938 718 1004 uenientes.
743 936 798 1001 scd
822 954 879 1000 nee
904 934 1052 1000 effectum
1070 934 1197 1000 consilii
1215 934 1313 998 huius
1330 934 1471 999 inuenio.

322 1064 393 1109 cum
413 1045 539 1110 facilius
559 1047 615 1109 aut
634 1063 727 1108 auum
748 1042 937 1108 crediderint
957 1041 1118 1107 Christum
1137 1044 1194 1106 aut
1211 1042 1344 1124 planum
1363 1041 1471 1123 potius
1503 1061 1516 1099 ε

321 1152 458 1234 aliquem
474 1170 568 1234 quam
584 1150 714 1215 alterius
733 1148 784 1214 dei
803 1147 978 1224 Christum,
997 1149 1083 1213 sicut
1096 1147 1300 1231 euangelium
1315 1148 1473 1231 probabit.

369 1260 418 1323 16.
446 1256 549 1333 Nunc,
573 1258 601 1322 si
623 1276 736 1323 nomen
761 1255 890 1329 Christi,
913 1260 952 1319 ut
974 1256 1149 1338 sportulam
1173 1255 1377 1325 famnculns,
1400 1274 1472 1335 cap·

321 1367 413 1444 tauit,
447 1384 504 1430 cur
531 1364 627 1429 etiam
655 1363 747 1428 Iesus
775 1363 882 1427 uoluit
908 1362 1071 1443 appellari,
1099 1381 1160 1426 non
1188 1364 1254 1425 tam
1282 1362 1472 1445 expectabili

320 1472 404 1557 apud
427 1472 562 1537 Iudaeos
586 1471 732 1535 nomine?
752 1488 810 1534 nec
829 1469 924 1546 enim,
948 1469 977 1531 si
994 1486 1062 1546 nos,
1079 1488 1136 1551 per
1155 1467 1205 1532 dei
1224 1469 1362 1551 gratiam
1381 1468 1472 1532 intel-

321 1581 439 1644 lectum
478 1577 642 1643 consecuti
679 1581 948 1641 sacramentorum
986 1575 1066 1652 eius,
1097 1576 1159 1639 hoc
1190 1594 1318 1657 quoque
1356 1595 1470 1639 nomen
1489 1600 1514 1636 ro

322 1686 523 1769 agnoscimus
540 1683 665 1749 Christo
680 1682 885 1756 destinatum,
904 1682 977 1746 ideo
991 1687 1024 1746 et
1037 1682 1175 1758 ludaeis,
1191 1682 1308 1764 quibus
1323 1682 1473 1765 adempta

322 1796 371 1855 est
399 1791 564 1875 sapientia,
594 1792 669 1853 nota
695 1790 756 1853 erit
781 1807 842 1853 res.
871 1788 1005 1871 denique
1032 1787 1072 1851 ad
1095 1788 1282 1853 hodiernum
1307 1788 1471 1853 Christum

322 1902 458 1982 sperant,
482 1916 542 1961 non
565 1898 683 1971 Iesum,
708 1898 739 1959 et
761 1894 888 1959 Heliam
911 1895 1019 1977 potius
1041 1895 1288 1977 interpretantur
1306 1893 1470 1960 Christum

322 2024 415 2089 quam
439 2006 557 2070 Iesum.
582 2002 638 2085 qui
660 2021 735 2085 ergo
759 2005 791 2067 ct
814 2002 846 2066 in
867 2021 903 2067 eo
922 2002 1048 2066 nomine
1066 2002 1165 2076 uenit,
1189 2002 1301 2083 inquo
1322 2002 1472 2066 Christus

321 2132 381 2177 non
405 2110 688 2193 praesumebatur?
721 2107 827 2191 potuit
848 2108 880 2172 iu
905 2127 942 2172 eo
966 2108 1035 2172 solo
1063 2107 1188 2171 nomiae
1215 2109 1357 2185 uenisse,
1386 2110 1471 2191 quod
1489 2126 1513 2167 a

322 2218 426 2283 solum
452 2216 724 2299 praesumebatur.
759 2218 899 2279 ceterum
934 2233 1006 2279 cum
1040 2214 1102 2279 duo
1134 2215 1273 2293 miscuit,
1307 2220 1470 2297 speratum

322 2328 353 2389 et
371 2325 577 2406 insperatum,
602 2325 799 2405 expugnatur
817 2325 988 2403 utrumque
1007 2320 1176 2385 consilium
1195 2320 1273 2386 eius.
1297 2321 1369 2385 siue
1388 2322 1471 2385 enim

320 2431 391 2495 ideo
416 2429 573 2505 Christus,
603 2434 640 2491 ut
666 2426 792 2491 interim
821 2426 913 2510 qnasi
941 2427 1091 2491 creatoris
1118 2426 1284 2509 inreperet,
1313 2427 1472 2509 obstrepit

320 2538 422 2614 Iesus,
457 2536 531 2618 quia
558 2553 618 2599 non
652 2534 840 2617 sperabatur
865 2535 957 2599 Iesus
989 2534 1020 2597 in
1049 2533 1174 2599 Christe
1207 2536 1369 2614 creatoris,
1403 2535 1471 2599 sine

320 2644 407 2725 <ideo
435 2642 554 2724 lesus)
586 2644 624 2705 ut
651 2642 781 2705 alterius
809 2640 990 2718 haberetur,
1017 2660 1077 2705 non
1106 2640 1184 2705 sinit
1206 2640 1367 2714 Christus,
1397 2642 1471 2723 quia
1487 2660 1514 2701 so

321 2770 381 2815 non
411 2749 541 2813 alterius
570 2748 756 2831 sperabatur
780 2747 929 2813 Christus
953 2767 1046 2829 quam
1071 2747 1229 2813 creatoris.
1253 2748 1332 2830 quid
1356 2748 1470 2813 horum

322 2861 465 2921 constare
489 2857 601 2939 possit,
625 2856 745 2939 ignoro.
770 2856 929 2920 constabit
953 2859 1058 2919 autem
1082 2859 1254 2937 utrumque
1281 2856 1315 2919 iu
1339 2854 1469 2921 Chn'sto

322 2963 480 3042 creatoris,
512 2964 543 3027 in
576 2982 638 3045 quo
673 2962 834 3026 inuenitur
865 2961 962 3026 etiam
994 2963 1095 3025 lesus.
1132 2962 1302 3044 quomodo,
1340 2963 1469 3044 inquis?

321 3071 407 3135 disce
431 3073 464 3133 et
486 3070 538 3133 hic
561 3088 633 3133 cum
657 3068 816 3151 partiariis
841 3069 954 3133 erroris
973 3069 1032 3143 tui,
1051 3068 1189 3134 Iudaeis.
1209 3088 1282 3134 eum
1302 3088 1471 3135 successor

321 3178 425 3261 Moysi
458 3176 667 3239 destinaretur
694 3176 808 3249 Auses,
842 3175 928 3239 tilius
957 3174 1057 3251 Naue,
1090 3174 1278 3239 transfertur
1309 3180 1398 3240 certe
1431 3176 1512 3239 dea

321 3283 453 3364 pristino
482 3282 607 3346 nomine
641 3284 673 3345 et
700 3281 814 3362 incipit
840 3282 948 3346 uocari
974 3282 1077 3346 Iesus.
1110 3286 1205 3357 certe,
1236 3281 1354 3363 inquis.
1389 3284 1469 3345 hanc

321 3390 409 3473 prius
434 3389 570 3453 dicimus
594 3388 727 3471 figuram
751 3387 852 3451 futuri
875 3389 985 3451 fuisse.
1010 3406 1083 3452 nam
1107 3388 1182 3471 quia
1203 3388 1295 3453 Iesus
1319 3388 1469 3453 Christus

314 3498 494 3562 secundum
512 3495 664 3579 populum
681 3532 724 3541 -
740 3495 825 3577 quod
844 3515 955 3559 snmus
977 3514 1046 3571 nos,
1062 3496 1128 3559 nati
1145 3496 1178 3559 in
1197 3494 1315 3560 saeculi
1331 3494 1468 3560 desertis

325 3642 360 3651 -
387 3604 625 3667 introducturus
654 3606 721 3665 erat
748 3602 780 3665 in
807 3605 924 3665 terram
950 3602 1173 3684 promissionis
1201 3600 1297 3667 melle
1325 3606 1358 3667 et
1384 3605 1468 3668 lacte

413 3760 456 3827 11]
473 3758 504 3811 cl.
521 3758 564 3811 us.
580 3760 622 3825 29,
640 3760 681 3814 14,
728 3759 861 3826 ‘ec-403,
877 3760 922 3829 20]
937 3758 969 3812 ef.
986 3758 1047 3811 adu.
1061 3758 1177 3813 Iudaeos
1193 3776 1213 3814 c.
1229 3760 1254 3813 9.
1300 3760 1347 3829 24]
1363 3761 1399 3813 cl.
1413 3760 1467 3814 Ios.

323 3850 430 3916 1,1-a.
469 3846 780 3917 tfilcl.Num.13,9.li.
819 3848 865 3916 28]
879 3848 1181 3917 cananaeae-31.
1218 3848 1467 3917 attestandae.

357 3960 372 4008 4
384 3972 433 4007 nec
449 3972 517 4008 crus.
529 3954 564 4007 Μ
608 3956 623 4008 5
635 3954 798 4007 crediderint
812 3956 871 4008 scil.
882 3954 986 4008 Iudaei
1027 3954 1043 4007 6
1054 3954 1224 4023 euangelium
1235 3955 1354 4009 breuiter
1363 3956 1467 4011 dictim

318 4062 386 4112 pro:
396 4044 531 4109 euangelii
543 4045 712 4105 examinatio,
724 4062 793 4111 pisae
802 4050 929 4111 sequetur
939 4046 966 4097 iu
979 4044 1049 4098 libro
1058 4045 1135 4098 IIII
1185 4044 1313 4114 probauit
1320 4061 1396 4112 simp.
1404 4046 1470 4113 Eup

321 4133 368 4198 irs.
379 4133 482 4185 ilatio.
494 4136 541 4192 24,
553 4136 607 4187 24:
617 4133 708 4185 blare.
719 4138 761 4189 13.
774 4138 824 4198 22)
862 4135 894 4185 15
910 4150 962 4186 non
978 4152 1029 4186 one.
1040 4132 1079 4187 1³¹
1133 4134 1362 4202 praesumebatur.
1376 4136 1469 4203 potuit

321 4221 405 4287 rerelpo
444 4224 475 4273 ib'
492 4220 637 4281 himma
654 4221 782 4275 ‹lersllF
833 4222 968 4291 obstrepit
981 4222 1048 4275 Urs:
1060 4222 1237 4291 obrepitdIR
1273 4221 1468 4277 aoideolesus

323 4308 451 4363 arletUis
487 4310 682 4363 arnonem]
715 4311 1127 4365 sacorrstareinarmamini
1160 4310 1472 4377 25AusesR,au1esM
