3250 4959
320 373 387 438 608
552 367 669 433 Quinti
689 368 832 438 Septimi
849 366 1021 422 Florentia
1040 364 1245 422 Tertulliani

319 565 405 650 gelio
437 562 540 628 filium
572 561 709 628 hominis
743 559 873 626 adhibet
909 559 1082 636 Christum,
1115 562 1148 622 et
1179 560 1339 625 hominem
1372 565 1406 628 et
1438 562 1477 628 in

321 670 450 736 homine
474 668 575 734 Adam
601 686 673 732 eum
692 684 805 750 negare
824 685 886 731 non
904 666 1031 749 poterit.
1056 667 1223 748 sequentia
1244 686 1372 750 quoquo
1395 687 1476 734 eum

320 777 545 860 eomprimunt.
566 793 638 840 oum
658 774 741 840 enim
761 773 840 838 dioit
858 773 1040 855 apostolus:
1061 772 1184 854 qualis
1209 773 1272 854 qui
1297 775 1340 838 de
1358 778 1476 855 tarra,

321 886 417 950 bomo
446 882 582 958 soilioot,
615 883 714 946 tales
749 884 786 946 ot
812 880 964 956 terrani,
996 878 1140 945 homines
1167 880 1290 963 utique,
1318 900 1394 966 ergo
1422 888 1473 949 et:

321 991 450 1076 qualis
471 990 534 1072 qui
554 989 596 1054 de
616 988 719 1054 caelo
738 988 845 1065 bomo,
867 987 967 1052 tales
991 990 1028 1050 et
1047 986 1109 1067 qui
1129 984 1171 1050 de
1190 987 1293 1053 eaelo
1312 987 1473 1054 homines.
1506 1009 1520 1046 s

322 1117 384 1164 non
413 1097 497 1162 enim
526 1097 649 1180 poterat
675 1093 858 1160 hominibus
885 1092 1017 1157 terrenis
1044 1111 1106 1158 non
1138 1093 1282 1158 homines
1314 1097 1474 1161 caelestes

320 1204 522 1285 opposuisse,
555 1205 593 1266 ut
624 1204 744 1265 statum
777 1218 811 1264 ao
850 1219 939 1282 spem
977 1197 1154 1264 studiosius
1191 1199 1405 1284 distingueret
1437 1201 1474 1266 in

322 1309 546 1394 appellationis
571 1309 734 1374 societate.
760 1310 847 1372 statu
870 1309 955 1371 enim
977 1324 1014 1371 ao
1038 1325 1095 1388 spe
1117 1305 1197 1371 dioit
1213 1310 1357 1373 terrenos
1374 1311 1475 1390 atque

285 1419 287 1422 ’
321 1419 488 1494 oaeleotes,
518 1415 662 1480 homines
689 1419 795 1480 tamen
824 1434 860 1478 ex
882 1415 960 1497 pari,
993 1414 1048 1497 qui
1071 1413 1247 1479 seeundum
1270 1415 1391 1479 exitum
1416 1419 1475 1478 aut

322 1525 355 1588 in
378 1523 480 1589 Adam
504 1525 559 1588 aut
582 1522 614 1586 in
635 1521 760 1588 Christo
785 1521 988 1603 deputantur.
1013 1524 1046 1585 et
1067 1521 1138 1585 ideo
1157 1520 1222 1584 iam
1240 1519 1280 1584 ad
1299 1521 1474 1586 exhortati·
1490 1543 1519 1582 r·

321 1649 415 1694 onem
440 1628 509 1711 spei
533 1628 696 1693 caelestis:
726 1629 830 1694 siout
851 1628 1099 1710 portauimus,
1127 1629 1241 1710 iuquit,
1268 1628 1474 1713 imaginem

323 1735 479 1813 terreni,
512 1739 706 1816 portemus
740 1739 776 1799 et
807 1735 1008 1820 imaginem
1032 1735 1223 1810 caelestis,
1247 1754 1309 1799 non
1333 1735 1375 1800 ad
1397 1735 1474 1800 sub

322 1843 477 1910 stantiam
501 1842 591 1906 illam
613 1843 753 1907 referens
776 1841 1026 1918 resurrectionis,
1050 1842 1108 1906 sed
1130 1840 1170 1906 ad
1192 1842 1370 1925 praesentia
1391 1846 1475 1906 tenr-

324 1948 410 2034 poris
440 1948 652 2030 disciplinam.
677 1951 863 2031 ‘portemus'
887 1950 979 2026 enim,
1007 1949 1121 2031 inquit,
1149 1967 1211 2013 non
1238 1949 1474 2029 portabimus,

322 2057 537 2139 praeoeptiuo,
561 2074 621 2119 non
646 2055 849 2136 promissiue,
873 2057 983 2122 uolens
1006 2075 1063 2121 nos
1083 2055 1254 2138 sicutipse
1272 2055 1408 2121 incessit
1427 2055 1474 2120 ita
1492 2075 1518 2114 rs
1612 2080 1613 2083 ¹

322 2163 479 2240 incedere,
504 2165 536 2226 et
559 2180 578 2226 a
600 2163 724 2238 terreni,
752 2162 785 2228 id
809 2167 860 2228 est
881 2162 1010 2241 ueteris,
1038 2162 1177 2228 bominis
1199 2162 1339 2246 imagine
1362 2160 1495 2242 absee-¹

325 2269 409 2345 dere,
434 2288 513 2352 quae
538 2272 588 2332 est
611 2269 744 2334 earnalis
765 2269 915 2352 operatio.
940 2270 1075 2352 denique
1095 2269 1172 2353 quid
1191 2269 1378 2352 subiungit?
1401 2269 1472 2334 boe

321 2376 422 2440 enim
454 2373 550 2453 dioo,
584 2375 734 2453 fratres,
768 2377 857 2458 quia
883 2394 967 2442 oaro
996 2379 1029 2441 ot
1052 2376 1206 2460 sanguis
1230 2394 1388 2460 rognum
1410 2375 1472 2441 dei

321 2498 393 2545 non
417 2480 680 2562 possidebunt,
706 2500 800 2564 opera
823 2482 950 2547 seilicet
972 2482 1074 2548 earnis
1098 2485 1131 2548 ot
1152 2482 1329 2566 sanguinis,
1353 2483 1473 2564 quibus

321 2589 358 2650 et
389 2586 429 2650 ad
454 2584 583 2651 Galatas
613 2587 754 2652 scribens
782 2586 919 2654 abstulit
945 2589 997 2652 dei
1019 2608 1162 2673 regnum,
1195 2588 1312 2654 solitus
1337 2595 1371 2654 et
1392 2589 1471 2654 alias
1488 2609 1515 2646 so

321 2692 539 2760 substantiam
570 2713 626 2776 pro
661 2695 809 2777 operibus
842 2695 1039 2762 substantiae
1070 2714 1197 2780 ponere,
1228 2698 1266 2760 ut
1292 2713 1367 2762 eum
1394 2695 1472 2762 dicit

322 2817 390 2877 eos,
419 2799 474 2881 qui
500 2800 531 2863 in
557 2819 647 2865 carne
671 2805 755 2880 sunt,
789 2802 847 2867 deo
872 2803 994 2885 plaeere
1017 2821 1078 2868 non
1100 2821 1205 2884 posse.
1237 2803 1362 2886 qnando
1386 2803 1469 2868 enirn

324 2905 449 2987 plaeere
473 2908 649 2989 poterimus
674 2907 744 2986 dno,
776 2909 839 2974 nisi
862 2909 938 2974 dum
961 2910 994 2973 in
1017 2928 1109 2975 earne
1132 2911 1192 2974 bao
1214 2914 1349 2976 sumne?
1382 2909 1469 2976 alind

322 3017 451 3094 tempus
462 3014 651 3097 operationis
662 3015 798 3093 nullum,
810 3015 929 3097 opinor,
941 3019 999 3082 est
1014 3015 1070 3082 sed
1081 3017 1119 3093 si,
1129 3017 1161 3081 in
1172 3035 1262 3082 earne
1277 3035 1467 3100 quamquam

319 3119 502 3194 constituti,
527 3121 629 3185 carnis
659 3139 753 3203 opera
780 3123 952 3205 fugiamus,
980 3127 1050 3187 tum
1078 3143 1139 3190 non
1167 3124 1286 3188 animm
1309 3123 1342 3188 in
1366 3141 1467 3197 earne,
1483 3139 1513 3181 ι

320 3225 400 3290 dum
419 3245 479 3290 non
499 3227 530 3292 in
551 3227 732 3294 substantia
750 3230 852 3294 earnis
872 3249 932 3295 non
952 3249 1076 3310 sumus,
1100 3230 1157 3296 sed
1174 3231 1208 3297 in
1228 3232 1331 3313 eulpa.
1356 3229 1468 3314 quodsi

321 3333 354 3398 in
392 3333 516 3398 nomine
550 3336 653 3400 earnis
686 3353 790 3420 opera,
835 3355 896 3401 non
934 3337 1148 3403 substantiam
1184 3337 1286 3404 carnis
1322 3337 1468 3403 iubemur

322 3455 487 3521 exponere,
521 3441 667 3523 operibus
703 3460 776 3526 ergo
809 3444 922 3520 earnis,
962 3463 1024 3509 non
1063 3444 1261 3510 substantiae
1298 3444 1401 3509 earnis
1435 3444 1467 3507 in

414 3717 497 3786 3-5]
516 3717 530 3770 I
549 3717 609 3772 Cor.
630 3719 671 3779 15,
689 3719 733 3772 48.
813 3720 858 3790 11]
878 3719 892 3774 I
910 3719 970 3777 Cor.
990 3721 1032 3785 15,
1050 3723 1094 3776 49.
1187 3722 1229 3792 171
1249 3722 1264 3777 1
1281 3721 1343 3778 Cor.
1363 3723 1405 3789 15,
1423 3721 1467 3778 50.

323 3804 368 3872 ab]
389 3804 422 3859 ol.
443 3803 502 3860 Gal.
523 3808 547 3868 5,
570 3806 681 3862 19-21.
737 3807 782 3878 22]
804 3809 838 3863 ef.
856 3809 933 3864 Rom.
951 3809 977 3875 8,
997 3812 1022 3865 8.

339 3961 522 4035 ¹latbibent
540 3981 578 4035 M
647 3981 783 4038 Christum
804 3988 833 4038 et
850 3985 996 4053 hominem,
1015 3990 1044 4040 et
1056 3987 1141 4060 sculpo
1195 3989 1339 4058 2quoqno
1357 3986 1467 4054 aurnR,

324 4083 386 4144 eum
406 4086 513 4139 quoque
531 4070 568 4123 M
620 4071 637 4126 9
657 4072 786 4128 caelestes
806 4074 938 4138 homines,
957 4079 1049 4130 tannen
1067 4076 1153 4146 sculpo
1212 4077 1245 4130 11
1264 4077 1324 4146 spei
1343 4076 1467 4132 caelestis

321 4157 590 4300 (oonuffinvsort.
674 4163 707 4215 13
726 4163 801 4216 illam
820 4164 935 4231 serapti:
956 4163 1041 4218 ullam
1058 4165 1121 4228 MR
1201 4165 1237 4220 24
1256 4183 1337 4222 earne
1355 4165 1392 4229 R,
1411 4182 1467 4220 aar·

321 4260 386 4298 nem
