<?xml version="1.0" encoding="UTF-8"?>
<!DOCTYPE html PUBLIC "-//W3C//DTD XHTML 1.0 Transitional//EN"
    "http://www.w3.org/TR/xhtml1/DTD/xhtml1-transitional.dtd">
<html xmlns="http://www.w3.org/1999/xhtml" xml:lang="en" lang="en">
 <head>
  <title>
</title>
<meta http-equiv="Content-Type" content="text/html;charset=utf-8" />
  <meta name='ocr-system' content='tesseract 3.04.00' />
  <meta name='ocr-capabilities' content='ocr_page ocr_carea ocr_par ocr_line ocrx_word'/>
</head>
<body>
  <div class='ocr_page' id='page_1' title='image "./corpusscriptoru20wissgoog_0459.png"; bbox 0 0 3250 4959; ppageno 0'>
   <div class='ocr_carea' id='block_1_1' title="bbox 415 366 1336 432">
    <p class='ocr_par' dir='ltr' id='par_1_1' title="bbox 415 366 1336 432">
     <span class='ocr_line' id='line_1_1' title="bbox 415 366 1336 432; baseline 0.003 -13"><span class='ocrx_word' id='word_1_1' title='bbox 415 368 476 421; x_wconf 87' lang='lat' dir='ltr'>VII.</span> <span class='ocrx_word' id='word_1_2' title='bbox 496 368 664 421; x_wconf 74' lang='lat' dir='ltr'>Aduersus</span> <span class='ocrx_word' id='word_1_3' title='bbox 683 367 881 421; x_wconf 81' lang='lat' dir='ltr'>Marcionem</span> <span class='ocrx_word' id='word_1_4' title='bbox 900 366 947 420; x_wconf 91' lang='lat' dir='ltr'>lib.</span> <span class='ocrx_word' id='word_1_5' title='bbox 966 366 1008 419; x_wconf 90' lang='lat' dir='ltr'>III</span> <span class='ocrx_word' id='word_1_6' title='bbox 1026 368 1104 420; x_wconf 77' lang='lat'>8-9.</span> <span class='ocrx_word' id='word_1_7' title='bbox 1272 368 1336 432; x_wconf 82' lang='lat'>391</span> 
     </span>
    </p>
   </div>
   <div class='ocr_carea' id='block_1_2' title="bbox 134 562 1339 3525">
    <p class='ocr_par' dir='ltr' id='par_1_2' title="bbox 134 562 1339 3525">
     <span class='ocr_line' id='line_1_2' title="bbox 188 562 1338 644; baseline -0.002 -19"><span class='ocrx_word' id='word_1_8' title='bbox 188 566 267 627; x_wconf 88' lang='lat' dir='ltr'>tuus</span> <span class='ocrx_word' id='word_1_9' title='bbox 298 563 380 626; x_wconf 90' lang='lat' dir='ltr'>enim</span> <span class='ocrx_word' id='word_1_10' title='bbox 409 563 486 626; x_wconf 86' lang='lat' dir='ltr'>deus</span> <span class='ocrx_word' id='word_1_11' title='bbox 516 582 562 638; x_wconf 85' lang='lat' dir='ltr'>en,</span> <span class='ocrx_word' id='word_1_12' title='bbox 592 562 675 644; x_wconf 90' lang='lat' dir='ltr'>quod</span> <span class='ocrx_word' id='word_1_13' title='bbox 704 581 827 625; x_wconf 82' lang='lat' dir='ltr'>curnem</span> <span class='ocrx_word' id='word_1_14' title='bbox 851 562 969 625; x_wconf 86' lang='lat' dir='ltr'>nuttam</span> <span class='ocrx_word' id='word_1_15' title='bbox 996 562 1122 625; x_wconf 84' lang='lat' dir='ltr'>omnino</span> <span class='ocrx_word' id='word_1_16' title='bbox 1147 562 1338 644; x_wconf 81' lang='lat' dir='ltr'>produxerit,</span> 
     </span>
     <span class='ocr_line' id='line_1_3' title="bbox 188 668 1339 751; baseline -0.001 -20"><span class='ocrx_word' id='word_1_17' title='bbox 188 670 305 733; x_wconf 88' lang='lat' dir='ltr'>merito</span> <span class='ocrx_word' id='word_1_18' title='bbox 334 670 467 733; x_wconf 83' lang='lat' dir='ltr'>fortasse</span> <span class='ocrx_word' id='word_1_19' title='bbox 496 670 683 751; x_wconf 76' lang='lat' dir='ltr'>phantasma</span> <span class='ocrx_word' id='word_1_20' title='bbox 707 668 774 731; x_wconf 91' lang='lat' dir='ltr'>eius</span> <span class='ocrx_word' id='word_1_21' title='bbox 802 668 956 744; x_wconf 86' lang='lat' dir='ltr'>intulerit,</span> <span class='ocrx_word' id='word_1_22' title='bbox 986 668 1077 731; x_wconf 89' lang='lat' dir='ltr'>cuius</span> <span class='ocrx_word' id='word_1_23' title='bbox 1106 687 1166 732; x_wconf 88' lang='lat' dir='ltr'>non</span> <span class='ocrx_word' id='word_1_24' title='bbox 1194 668 1339 733; x_wconf 81' lang='lat' dir='ltr'>uulnerat</span> 
     </span>
     <span class='ocr_line' id='line_1_4' title="bbox 188 774 1337 857; baseline -0.003 -18"><span class='ocrx_word' id='word_1_25' title='bbox 188 776 370 853; x_wconf 87' lang='lat' dir='ltr'>ueritatem,</span> <span class='ocrx_word' id='word_1_26' title='bbox 394 795 484 839; x_wconf 89' lang='lat' dir='ltr'>meus</span> <span class='ocrx_word' id='word_1_27' title='bbox 509 780 614 840; x_wconf 88' lang='lat' dir='ltr'>autern</span> <span class='ocrx_word' id='word_1_28' title='bbox 640 776 728 839; x_wconf 81' lang='lat' dir='ltr'>deus</span> <span class='ocrx_word' id='word_1_29' title='bbox 755 775 808 856; x_wconf 91' lang='lat' dir='ltr'>qui</span> <span class='ocrx_word' id='word_1_30' title='bbox 837 776 923 839; x_wconf 87' lang='lat' dir='ltr'>illam</span> <span class='ocrx_word' id='word_1_31' title='bbox 954 774 1091 839; x_wconf 90' lang='lat' dir='ltr'>delimo</span> <span class='ocrx_word' id='word_1_32' title='bbox 1121 779 1281 857; x_wconf 77' lang='lat' dir='ltr'><strong>sumptam</strong></span> <span class='ocrx_word' id='word_1_33' title='bbox 1305 776 1337 837; x_wconf 91' lang='lat' dir='ltr'>in</span> 
     </span>
     <span class='ocr_line' id='line_1_5' title="bbox 187 880 1338 964; baseline -0.001 -20"><span class='ocrx_word' id='word_1_34' title='bbox 187 882 270 945; x_wconf 87' lang='lat' dir='ltr'>banc</span> <span class='ocrx_word' id='word_1_35' title='bbox 294 883 480 946; x_wconf 83' lang='lat' dir='ltr'>reformauit</span> <span class='ocrx_word' id='word_1_36' title='bbox 504 882 700 963; x_wconf 83' lang='lat' dir='ltr'>qualitatem.</span> <span class='ocrx_word' id='word_1_37' title='bbox 731 880 869 945; x_wconf 85' lang='lat' dir='ltr'>nondum</span> <span class='ocrx_word' id='word_1_38' title='bbox 900 901 935 944; x_wconf 80' lang='lat' dir='ltr'>er</span> <span class='ocrx_word' id='word_1_39' title='bbox 968 882 1088 945; x_wconf 90' lang='lat' dir='ltr'>semine</span> <span class='ocrx_word' id='word_1_40' title='bbox 1121 882 1281 964; x_wconf 85' lang='lat' dir='ltr'>coniugali</span> <span class='ocrx_word' id='word_1_41' title='bbox 1306 886 1338 944; x_wconf 89' lang='lat' dir='ltr'>et</span> 
     </span>
     <span class='ocr_line' id='line_1_6' title="bbox 154 987 1337 1070; baseline 0.002 -21"><span class='ocrx_word' id='word_1_42' title='bbox 154 994 295 1052; x_wconf 83' lang='lat' dir='ltr'>stamen</span> <span class='ocrx_word' id='word_1_43' title='bbox 330 1007 464 1053; x_wconf 89' lang='lat' dir='ltr'>carnem.</span> <span class='ocrx_word' id='word_1_44' title='bbox 498 1007 596 1069; x_wconf 82' lang='lat' dir='ltr'>seque</span> <span class='ocrx_word' id='word_1_45' title='bbox 629 987 735 1069; x_wconf 89' lang='lat' dir='ltr'>potuit</span> <span class='ocrx_word' id='word_1_46' title='bbox 763 1007 798 1051; x_wconf 81' lang='lat' dir='ltr'>ex</span> <span class='ocrx_word' id='word_1_47' title='bbox 828 1006 1026 1069; x_wconf 76' lang='lat' dir='ltr'>utracumque</span> <span class='ocrx_word' id='word_1_48' title='bbox 1055 988 1187 1051; x_wconf 85' lang='lat' dir='ltr'>materia</span> <span class='ocrx_word' id='word_1_49' title='bbox 1214 988 1337 1070; x_wconf 82' lang='lat' dir='ltr'>angelis</span> 
     </span>
     <span class='ocr_line' id='line_1_7' title="bbox 188 1093 1337 1177; baseline 0 -18"><span class='ocrx_word' id='word_1_50' title='bbox 188 1114 316 1177; x_wconf 79' lang='lat' dir='ltr'>quoque</span> <span class='ocrx_word' id='word_1_51' title='bbox 345 1096 538 1159; x_wconf 75' lang='lat' dir='ltr'>adstruxisse</span> <span class='ocrx_word' id='word_1_52' title='bbox 567 1114 700 1171; x_wconf 90' lang='lat' dir='ltr'>carnem,</span> <span class='ocrx_word' id='word_1_53' title='bbox 735 1095 788 1176; x_wconf 89' lang='lat' dir='ltr'>qni</span> <span class='ocrx_word' id='word_1_54' title='bbox 818 1096 914 1158; x_wconf 83' lang='lat' dir='ltr'>etiam</span> <span class='ocrx_word' id='word_1_55' title='bbox 943 1095 1094 1158; x_wconf 87' lang='lat' dir='ltr'>mundum</span> <span class='ocrx_word' id='word_1_56' title='bbox 1125 1114 1159 1157; x_wconf 86' lang='lat' dir='ltr'>er</span> <span class='ocrx_word' id='word_1_57' title='bbox 1183 1093 1281 1157; x_wconf 86' lang='lat' dir='ltr'>nihilo</span> <span class='ocrx_word' id='word_1_58' title='bbox 1306 1094 1337 1159; x_wconf 92' lang='lat' dir='ltr'>in</span> 
     </span>
     <span class='ocr_line' id='line_1_8' title="bbox 187 1200 1336 1283; baseline 0.001 -19"><span class='ocrx_word' id='word_1_59' title='bbox 187 1206 240 1265; x_wconf 88' lang='lat' dir='ltr'>tot</span> <span class='ocrx_word' id='word_1_60' title='bbox 263 1222 298 1265; x_wconf 89' lang='lat' dir='ltr'>ac</span> <span class='ocrx_word' id='word_1_61' title='bbox 322 1202 399 1265; x_wconf 82' lang='lat' dir='ltr'>talia</span> <span class='ocrx_word' id='word_1_62' title='bbox 423 1220 561 1283; x_wconf 86' lang='lat' dir='ltr'>corpora,</span> <span class='ocrx_word' id='word_1_63' title='bbox 590 1206 621 1265; x_wconf 84' lang='lat' dir='ltr'>ct</span> <span class='ocrx_word' id='word_1_64' title='bbox 645 1201 772 1283; x_wconf 87' lang='lat' dir='ltr'>quidem</span> <span class='ocrx_word' id='word_1_65' title='bbox 796 1201 905 1276; x_wconf 86' lang='lat' dir='ltr'>uerbo,</span> <span class='ocrx_word' id='word_1_66' title='bbox 935 1200 1123 1264; x_wconf 83' lang='lat' dir='ltr'>aedificabit.</span> <span class='ocrx_word' id='word_1_67' title='bbox 1156 1205 1188 1262; x_wconf 86' lang='lat' dir='ltr'>et</span> <span class='ocrx_word' id='word_1_68' title='bbox 1215 1200 1336 1281; x_wconf 82' lang='lat' dir='ltr'>utique,</span> 
     </span>
     <span class='ocr_line' id='line_1_9' title="bbox 188 1307 1336 1390; baseline -0.003 -18"><span class='ocrx_word' id='word_1_69' title='bbox 188 1310 217 1372; x_wconf 91' lang='lat' dir='ltr'>si</span> <span class='ocrx_word' id='word_1_70' title='bbox 245 1309 324 1373; x_wconf 90' lang='lat' dir='ltr'>deus</span> <span class='ocrx_word' id='word_1_71' title='bbox 348 1314 424 1372; x_wconf 89' lang='lat' dir='ltr'>tuus</span> <span class='ocrx_word' id='word_1_72' title='bbox 448 1328 556 1373; x_wconf 83' lang='lat' dir='ltr'>ueram</span> <span class='ocrx_word' id='word_1_73' title='bbox 581 1310 766 1389; x_wconf 78' lang='lat' dir='ltr'>quandoque</span> <span class='ocrx_word' id='word_1_74' title='bbox 791 1309 1004 1373; x_wconf 78' lang='lat' dir='ltr'>substantiam</span> <span class='ocrx_word' id='word_1_75' title='bbox 1028 1310 1212 1390; x_wconf 82' lang='lat' dir='ltr'>angelorum</span> <span class='ocrx_word' id='word_1_76' title='bbox 1236 1307 1336 1371; x_wconf 89' lang='lat' dir='ltr'>borni-</span> 
     </span>
     <span class='ocr_line' id='line_1_10' title="bbox 187 1413 1335 1497; baseline 0 -20"><span class='ocrx_word' id='word_1_77' title='bbox 187 1415 282 1478; x_wconf 89' lang='lat' dir='ltr'>nibns</span> <span class='ocrx_word' id='word_1_78' title='bbox 312 1415 490 1497; x_wconf 81' lang='lat' dir='ltr'>pollicetur,</span> <span class='ocrx_word' id='word_1_79' title='bbox 519 1452 561 1459; x_wconf 94' lang='lat'><em>-</em></span> <span class='ocrx_word' id='word_1_80' title='bbox 591 1419 699 1477; x_wconf 85' lang='lat' dir='ltr'>erant</span> <span class='ocrx_word' id='word_1_81' title='bbox 728 1414 834 1482; x_wconf 84' lang='lat' dir='ltr'>enirn.</span> <span class='ocrx_word' id='word_1_82' title='bbox 867 1414 980 1495; x_wconf 88' lang='lat' dir='ltr'>inquit,</span> <span class='ocrx_word' id='word_1_83' title='bbox 1014 1413 1114 1476; x_wconf 88' lang='lat' dir='ltr'>sicut</span> <span class='ocrx_word' id='word_1_84' title='bbox 1142 1414 1268 1497; x_wconf 84' lang='lat' dir='ltr'>angeli</span> <span class='ocrx_word' id='word_1_85' title='bbox 1291 1450 1335 1460; x_wconf 92' lang='lat'><em>-</em></span> 
     </span>
     <span class='ocr_line' id='line_1_11' title="bbox 140 1520 1335 1603; baseline 0.003 -23"><span class='ocrx_word' id='word_1_86' title='bbox 140 1543 167 1581; x_wconf 83' lang='grc' dir='ltr'>ιο</span> <span class='ocrx_word' id='word_1_87' title='bbox 189 1542 245 1585; x_wconf 89' lang='lat' dir='ltr'>cur·</span> <span class='ocrx_word' id='word_1_88' title='bbox 272 1541 334 1585; x_wconf 84' lang='lat' dir='ltr'>nnn</span> <span class='ocrx_word' id='word_1_89' title='bbox 364 1526 397 1584; x_wconf 90' lang='lat' dir='ltr'>et</span> <span class='ocrx_word' id='word_1_90' title='bbox 424 1521 502 1585; x_wconf 88' lang='lat' dir='ltr'>deus</span> <span class='ocrx_word' id='word_1_91' title='bbox 530 1540 619 1585; x_wconf 91' lang='lat' dir='ltr'>meus</span> <span class='ocrx_word' id='word_1_92' title='bbox 648 1540 755 1585; x_wconf 89' lang='lat' dir='ltr'>ueram</span> <span class='ocrx_word' id='word_1_93' title='bbox 785 1520 996 1584; x_wconf 81' lang='lat' dir='ltr'>substantiam</span> <span class='ocrx_word' id='word_1_94' title='bbox 1025 1520 1188 1583; x_wconf 87' lang='lat' dir='ltr'>bominum</span> <span class='ocrx_word' id='word_1_95' title='bbox 1213 1521 1335 1603; x_wconf 85' lang='lat' dir='ltr'>angelis</span> 
     </span>
     <span class='ocr_line' id='line_1_12' title="bbox 186 1627 1336 1709; baseline -0.002 -18"><span class='ocrx_word' id='word_1_96' title='bbox 186 1628 435 1693; x_wconf 87' lang='lat' dir='ltr'>accommodarit</span> <span class='ocrx_word' id='word_1_97' title='bbox 457 1627 655 1709; x_wconf 84' lang='lat' dir='ltr'>&lt;unde)uude</span> <span class='ocrx_word' id='word_1_98' title='bbox 679 1630 862 1708; x_wconf 80' lang='lat' dir='ltr'>sumptam?</span> <span class='ocrx_word' id='word_1_99' title='bbox 882 1627 956 1709; x_wconf 86' lang='lat' dir='ltr'>quia</span> <span class='ocrx_word' id='word_1_100' title='bbox 975 1646 1031 1689; x_wconf 89' lang='lat' dir='ltr'>nec</span> <span class='ocrx_word' id='word_1_101' title='bbox 1050 1632 1086 1690; x_wconf 89' lang='lat' dir='ltr'>tu</span> <span class='ocrx_word' id='word_1_102' title='bbox 1110 1628 1189 1690; x_wconf 90' lang='lat' dir='ltr'>mibi</span> <span class='ocrx_word' id='word_1_103' title='bbox 1208 1646 1336 1709; x_wconf 87' lang='lat' dir='ltr'>respon-</span> 
     </span>
     <span class='ocr_line' id='line_1_13' title="bbox 186 1732 1336 1816; baseline 0 -19"><span class='ocrx_word' id='word_1_104' title='bbox 186 1734 289 1809; x_wconf 88' lang='lat' dir='ltr'>debis,</span> <span class='ocrx_word' id='word_1_105' title='bbox 317 1734 400 1798; x_wconf 89' lang='lat' dir='ltr'>unde</span> <span class='ocrx_word' id='word_1_106' title='bbox 423 1734 480 1797; x_wconf 89' lang='lat' dir='ltr'>illa</span> <span class='ocrx_word' id='word_1_107' title='bbox 503 1734 587 1815; x_wconf 90' lang='lat' dir='ltr'>apud</span> <span class='ocrx_word' id='word_1_108' title='bbox 610 1738 642 1799; x_wconf 89' lang='lat' dir='ltr'>te</span> <span class='ocrx_word' id='word_1_109' title='bbox 666 1734 808 1816; x_wconf 84' lang='lat' dir='ltr'>angelica</span> <span class='ocrx_word' id='word_1_110' title='bbox 838 1738 992 1797; x_wconf 86' lang='lat' dir='ltr'>sumatur.</span> <span class='ocrx_word' id='word_1_111' title='bbox 1020 1732 1140 1797; x_wconf 82' lang='lat' dir='ltr'>sufficit</span> <span class='ocrx_word' id='word_1_112' title='bbox 1167 1733 1246 1796; x_wconf 91' lang='lat' dir='ltr'>mibi</span> <span class='ocrx_word' id='word_1_113' title='bbox 1274 1734 1336 1797; x_wconf 89' lang='lat' dir='ltr'>hoc</span> 
     </span>
     <span class='ocr_line' id='line_1_14' title="bbox 186 1840 1335 1924; baseline 0.001 -20"><span class='ocrx_word' id='word_1_114' title='bbox 186 1841 326 1916; x_wconf 87' lang='lat' dir='ltr'>definire,</span> <span class='ocrx_word' id='word_1_115' title='bbox 354 1842 438 1921; x_wconf 88' lang='lat' dir='ltr'>quod</span> <span class='ocrx_word' id='word_1_116' title='bbox 467 1840 524 1905; x_wconf 87' lang='lat' dir='ltr'>deo</span> <span class='ocrx_word' id='word_1_117' title='bbox 549 1841 705 1924; x_wconf 85' lang='lat' dir='ltr'>congruit,</span> <span class='ocrx_word' id='word_1_118' title='bbox 729 1841 897 1904; x_wconf 87' lang='lat' dir='ltr'>ueritatem</span> <span class='ocrx_word' id='word_1_119' title='bbox 921 1841 1045 1905; x_wconf 81' lang='lat' dir='ltr'>scilicet</span> <span class='ocrx_word' id='word_1_120' title='bbox 1068 1840 1135 1904; x_wconf 89' lang='lat' dir='ltr'>eins</span> <span class='ocrx_word' id='word_1_121' title='bbox 1160 1841 1215 1917; x_wconf 91' lang='lat' dir='ltr'>rei,</span> <span class='ocrx_word' id='word_1_122' title='bbox 1240 1861 1335 1922; x_wconf 90' lang='lat' dir='ltr'>quam</span> 
     </span>
     <span class='ocr_line' id='line_1_15' title="bbox 185 1947 1335 2013; baseline -0.001 -2"><span class='ocrx_word' id='word_1_123' title='bbox 185 1949 290 2012; x_wconf 84' lang='lat' dir='ltr'>tribus</span> <span class='ocrx_word' id='word_1_124' title='bbox 319 1948 455 2013; x_wconf 83' lang='lat' dir='ltr'>testibus</span> <span class='ocrx_word' id='word_1_125' title='bbox 491 1947 638 2012; x_wconf 82' lang='lat' dir='ltr'>sensibus</span> <span class='ocrx_word' id='word_1_126' title='bbox 672 1948 802 2011; x_wconf 87' lang='lat' dir='ltr'>obiecit:</span> <span class='ocrx_word' id='word_1_127' title='bbox 836 1948 921 2011; x_wconf 89' lang='lat' dir='ltr'>uisui</span> <span class='ocrx_word' id='word_1_128' title='bbox 949 1948 1049 2011; x_wconf 87' lang='lat' dir='ltr'>tactui</span> <span class='ocrx_word' id='word_1_129' title='bbox 1083 1948 1216 2011; x_wconf 89' lang='lat' dir='ltr'>auditui.</span> <span class='ocrx_word' id='word_1_130' title='bbox 1255 1948 1335 2011; x_wconf 81' lang='lat' dir='ltr'>disti·</span> 
     </span>
     <span class='ocr_line' id='line_1_16' title="bbox 139 2054 1333 2138; baseline 0.008 -25"><span class='ocrx_word' id='word_1_131' title='bbox 139 2074 165 2113; x_wconf 81' lang='lat' dir='ltr'>rs</span> <span class='ocrx_word' id='word_1_132' title='bbox 186 2056 281 2119; x_wconf 91' lang='lat' dir='ltr'>cilius</span> <span class='ocrx_word' id='word_1_133' title='bbox 297 2055 354 2119; x_wconf 86' lang='lat' dir='ltr'>deu</span> <span class='ocrx_word' id='word_1_134' title='bbox 374 2055 500 2118; x_wconf 88' lang='lat' dir='ltr'>mentiri</span> <span class='ocrx_word' id='word_1_135' title='bbox 517 2074 610 2135; x_wconf 88' lang='lat' dir='ltr'>quam</span> <span class='ocrx_word' id='word_1_136' title='bbox 625 2055 726 2119; x_wconf 87' lang='lat' dir='ltr'>carnis</span> <span class='ocrx_word' id='word_1_137' title='bbox 747 2054 915 2119; x_wconf 87' lang='lat' dir='ltr'>ueritatem</span> <span class='ocrx_word' id='word_1_138' title='bbox 933 2054 1131 2136; x_wconf 86' lang='lat' dir='ltr'>&lt;unde&gt;nnde</span> <span class='ocrx_word' id='word_1_139' title='bbox 1151 2055 1333 2138; x_wconf 79' lang='lat' dir='ltr'>producere.</span> 
     </span>
     <span class='ocr_line' id='line_1_17' title="bbox 183 2161 1334 2237; baseline 0 -12"><span class='ocrx_word' id='word_1_140' title='bbox 183 2162 263 2225; x_wconf 90' lang='lat' dir='ltr'>licet</span> <span class='ocrx_word' id='word_1_141' title='bbox 299 2180 360 2227; x_wconf 89' lang='lat' dir='ltr'>non</span> <span class='ocrx_word' id='word_1_142' title='bbox 397 2166 498 2225; x_wconf 86' lang='lat' dir='ltr'>natae.</span> <span class='ocrx_word' id='word_1_143' title='bbox 541 2165 680 2226; x_wconf 85' lang='lat' dir='ltr'>ceterum</span> <span class='ocrx_word' id='word_1_144' title='bbox 719 2167 751 2225; x_wconf 88' lang='lat' dir='ltr'>et</span> <span class='ocrx_word' id='word_1_145' title='bbox 787 2162 858 2226; x_wconf 89' lang='lat' dir='ltr'>aliis</span> <span class='ocrx_word' id='word_1_146' title='bbox 896 2162 1074 2237; x_wconf 80' lang='lat' dir='ltr'>haereticis,</span> <span class='ocrx_word' id='word_1_147' title='bbox 1112 2161 1334 2225; x_wconf 88' lang='lat' dir='ltr'>definientibus</span> 
     </span>
     <span class='ocr_line' id='line_1_18' title="bbox 184 2268 1335 2351; baseline -0.001 -20"><span class='ocrx_word' id='word_1_148' title='bbox 184 2286 310 2331; x_wconf 89' lang='lat' dir='ltr'>carnem</span> <span class='ocrx_word' id='word_1_149' title='bbox 330 2268 468 2332; x_wconf 83' lang='lat' dir='ltr'>illumin</span> <span class='ocrx_word' id='word_1_150' title='bbox 488 2269 609 2351; x_wconf 86' lang='lat' dir='ltr'>angelis</span> <span class='ocrx_word' id='word_1_151' title='bbox 630 2282 775 2333; x_wconf 80' lang='lat' dir='ltr'>erasme</span> <span class='ocrx_word' id='word_1_152' title='bbox 794 2269 880 2332; x_wconf 91' lang='lat' dir='ltr'>nasci</span> <span class='ocrx_word' id='word_1_153' title='bbox 901 2268 1059 2345; x_wconf 86' lang='lat' dir='ltr'>debuisse,</span> <span class='ocrx_word' id='word_1_154' title='bbox 1080 2268 1107 2331; x_wconf 89' lang='lat' dir='ltr'>si</span> <span class='ocrx_word' id='word_1_155' title='bbox 1127 2286 1201 2331; x_wconf 88' lang='lat' dir='ltr'>uere</span> <span class='ocrx_word' id='word_1_156' title='bbox 1219 2268 1335 2331; x_wconf 83' lang='lat' dir='ltr'>fuisset</span> 
     </span>
     <span class='ocr_line' id='line_1_19' title="bbox 183 2374 1334 2457; baseline 0 -20"><span class='ocrx_word' id='word_1_157' title='bbox 183 2374 332 2451; x_wconf 83' lang='lat' dir='ltr'>bumana,</span> <span class='ocrx_word' id='word_1_158' title='bbox 371 2377 456 2439; x_wconf 88' lang='lat' dir='ltr'>certa</span> <span class='ocrx_word' id='word_1_159' title='bbox 492 2375 612 2438; x_wconf 87' lang='lat' dir='ltr'>ratione</span> <span class='ocrx_word' id='word_1_160' title='bbox 644 2376 883 2457; x_wconf 83' lang='lat' dir='ltr'>respondemus,</span> <span class='ocrx_word' id='word_1_161' title='bbox 921 2396 982 2456; x_wconf 83' lang='lat' dir='ltr'>qua</span> <span class='ocrx_word' id='word_1_162' title='bbox 1020 2376 1224 2439; x_wconf 86' lang='lat' dir='ltr'>etbumana</span> <span class='ocrx_word' id='word_1_163' title='bbox 1259 2393 1334 2437; x_wconf 89' lang='lat' dir='ltr'>nere</span> 
     </span>
     <span class='ocr_line' id='line_1_20' title="bbox 176 2480 1333 2565; baseline 0 -20"><span class='ocrx_word' id='word_1_164' title='bbox 176 2482 281 2545; x_wconf 83' lang='lat' dir='ltr'>¹fuerit</span> <span class='ocrx_word' id='word_1_165' title='bbox 300 2485 333 2545; x_wconf 91' lang='lat' dir='ltr'>et</span> <span class='ocrx_word' id='word_1_166' title='bbox 350 2481 470 2546; x_wconf 85' lang='lat' dir='ltr'>innata:</span> <span class='ocrx_word' id='word_1_167' title='bbox 490 2480 628 2545; x_wconf 89' lang='lat' dir='ltr'>humana</span> <span class='ocrx_word' id='word_1_168' title='bbox 646 2500 719 2545; x_wconf 91' lang='lat' dir='ltr'>uere</span> <span class='ocrx_word' id='word_1_169' title='bbox 738 2487 867 2565; x_wconf 86' lang='lat' dir='ltr'>propter</span> <span class='ocrx_word' id='word_1_170' title='bbox 881 2482 932 2545; x_wconf 91' lang='lat' dir='ltr'>dei</span> <span class='ocrx_word' id='word_1_171' title='bbox 946 2482 1124 2559; x_wconf 85' lang='lat' dir='ltr'>ueritatem,</span> <span class='ocrx_word' id='word_1_172' title='bbox 1138 2502 1156 2545; x_wconf 86' lang='lat' dir='ltr'>a</span> <span class='ocrx_word' id='word_1_173' title='bbox 1171 2480 1333 2545; x_wconf 86' lang='lat' dir='ltr'>mendacio</span> 
     </span>
     <span class='ocr_line' id='line_1_21' title="bbox 134 2587 1332 2671; baseline 0.001 -24"><span class='ocrx_word' id='word_1_174' title='bbox 134 2608 164 2647; x_wconf 76' lang='lat' dir='ltr'>so</span> <span class='ocrx_word' id='word_1_175' title='bbox 183 2592 217 2651; x_wconf 89' lang='lat' dir='ltr'>et</span> <span class='ocrx_word' id='word_1_176' title='bbox 240 2588 366 2651; x_wconf 86' lang='lat' dir='ltr'>fallacia</span> <span class='ocrx_word' id='word_1_177' title='bbox 389 2589 537 2665; x_wconf 85' lang='lat' dir='ltr'>extranei,</span> <span class='ocrx_word' id='word_1_178' title='bbox 557 2594 588 2651; x_wconf 93' lang='lat' dir='ltr'>et</span> <span class='ocrx_word' id='word_1_179' title='bbox 608 2590 682 2671; x_wconf 90' lang='lat' dir='ltr'>quia</span> <span class='ocrx_word' id='word_1_180' title='bbox 705 2608 764 2653; x_wconf 86' lang='lat' dir='ltr'>non</span> <span class='ocrx_word' id='word_1_181' title='bbox 789 2592 920 2671; x_wconf 89' lang='lat' dir='ltr'>possent</span> <span class='ocrx_word' id='word_1_182' title='bbox 943 2589 1126 2652; x_wconf 81' lang='lat' dir='ltr'>humanitus</span> <span class='ocrx_word' id='word_1_183' title='bbox 1146 2587 1275 2651; x_wconf 86' lang='lat' dir='ltr'>tractari</span> <span class='ocrx_word' id='word_1_184' title='bbox 1294 2588 1332 2649; x_wconf 85' lang='lat' dir='ltr'>ab</span> 
     </span>
     <span class='ocr_line' id='line_1_22' title="bbox 182 2694 1335 2775; baseline -0.001 -18"><span class='ocrx_word' id='word_1_185' title='bbox 182 2694 366 2759; x_wconf 88' lang='lat' dir='ltr'>huminibus</span> <span class='ocrx_word' id='word_1_186' title='bbox 403 2694 465 2758; x_wconf 90' lang='lat' dir='ltr'>nisi</span> <span class='ocrx_word' id='word_1_187' title='bbox 496 2694 526 2757; x_wconf 93' lang='lat' dir='ltr'>in</span> <span class='ocrx_word' id='word_1_188' title='bbox 561 2695 740 2759; x_wconf 85' lang='lat' dir='ltr'>substantia</span> <span class='ocrx_word' id='word_1_189' title='bbox 772 2695 924 2771; x_wconf 66' lang='lat' dir='ltr'>humanm</span> <span class='ocrx_word' id='word_1_190' title='bbox 962 2696 1068 2758; x_wconf 89' lang='lat' dir='ltr'>innata</span> <span class='ocrx_word' id='word_1_191' title='bbox 1108 2697 1226 2770; x_wconf 89' lang='lat' dir='ltr'>autem,</span> <span class='ocrx_word' id='word_1_192' title='bbox 1259 2694 1335 2775; x_wconf 87' lang='lat' dir='ltr'>quia</span> 
     </span>
     <span class='ocr_line' id='line_1_23' title="bbox 183 2800 1332 2877; baseline 0 -14"><span class='ocrx_word' id='word_1_193' title='bbox 183 2800 274 2864; x_wconf 89' lang='lat' dir='ltr'>solus</span> <span class='ocrx_word' id='word_1_194' title='bbox 300 2800 444 2864; x_wconf 89' lang='lat' dir='ltr'>Christus</span> <span class='ocrx_word' id='word_1_195' title='bbox 469 2802 500 2864; x_wconf 87' lang='lat' dir='ltr'>in</span> <span class='ocrx_word' id='word_1_196' title='bbox 525 2820 648 2865; x_wconf 88' lang='lat' dir='ltr'>carnem</span> <span class='ocrx_word' id='word_1_197' title='bbox 679 2821 714 2865; x_wconf 83' lang='lat' dir='ltr'>ex</span> <span class='ocrx_word' id='word_1_198' title='bbox 744 2820 834 2865; x_wconf 86' lang='lat' dir='ltr'>carna</span> <span class='ocrx_word' id='word_1_199' title='bbox 863 2803 950 2865; x_wconf 86' lang='lat' dir='ltr'>nasci</span> <span class='ocrx_word' id='word_1_200' title='bbox 979 2801 1125 2877; x_wconf 87' lang='lat' dir='ltr'>habebat,</span> <span class='ocrx_word' id='word_1_201' title='bbox 1155 2803 1191 2864; x_wconf 90' lang='lat' dir='ltr'>ut</span> <span class='ocrx_word' id='word_1_202' title='bbox 1219 2801 1332 2863; x_wconf 87' lang='lat' dir='ltr'>natiui-</span> 
     </span>
     <span class='ocr_line' id='line_1_24' title="bbox 181 2907 1330 2989; baseline 0 -19"><span class='ocrx_word' id='word_1_203' title='bbox 181 2912 283 2971; x_wconf 83' lang='lat' dir='ltr'>tatem</span> <span class='ocrx_word' id='word_1_204' title='bbox 316 2910 456 2972; x_wconf 88' lang='lat' dir='ltr'>nostram</span> <span class='ocrx_word' id='word_1_205' title='bbox 494 2908 661 2972; x_wconf 89' lang='lat' dir='ltr'>natiuitate</span> <span class='ocrx_word' id='word_1_206' title='bbox 699 2928 758 2971; x_wconf 83' lang='lat' dir='ltr'>sua</span> <span class='ocrx_word' id='word_1_207' title='bbox 793 2909 978 2973; x_wconf 85' lang='lat' dir='ltr'>reformaret</span> <span class='ocrx_word' id='word_1_208' title='bbox 1014 2912 1110 2989; x_wconf 86' lang='lat' dir='ltr'>atque</span> <span class='ocrx_word' id='word_1_209' title='bbox 1153 2909 1198 2971; x_wconf 85' lang='lat' dir='ltr'>ita</span> <span class='ocrx_word' id='word_1_210' title='bbox 1235 2907 1330 2971; x_wconf 85' lang='lat' dir='ltr'>etiam</span> 
     </span>
     <span class='ocr_line' id='line_1_25' title="bbox 181 3014 1330 3097; baseline -0.002 -20"><span class='ocrx_word' id='word_1_211' title='bbox 181 3016 318 3078; x_wconf 86' lang='lat' dir='ltr'>mortem</span> <span class='ocrx_word' id='word_1_212' title='bbox 347 3019 485 3079; x_wconf 87' lang='lat' dir='ltr'>nostram</span> <span class='ocrx_word' id='word_1_213' title='bbox 515 3018 615 3078; x_wconf 83' lang='lat' dir='ltr'>morte</span> <span class='ocrx_word' id='word_1_214' title='bbox 644 3034 701 3078; x_wconf 86' lang='lat' dir='ltr'>sua</span> <span class='ocrx_word' id='word_1_215' title='bbox 729 3014 919 3079; x_wconf 85' lang='lat' dir='ltr'>dissolueret</span> <span class='ocrx_word' id='word_1_216' title='bbox 946 3014 1138 3097; x_wconf 84' lang='lat' dir='ltr'>resurgendo</span> <span class='ocrx_word' id='word_1_217' title='bbox 1167 3016 1199 3077; x_wconf 93' lang='lat' dir='ltr'>in</span> <span class='ocrx_word' id='word_1_218' title='bbox 1227 3033 1330 3086; x_wconf 83' lang='lat' dir='ltr'>carne,</span> 
     </span>
     <span class='ocr_line' id='line_1_26' title="bbox 134 3121 1329 3204; baseline -0.003 -19"><span class='ocrx_word' id='word_1_219' title='bbox 134 3140 162 3178; x_wconf 73' lang='lat'>2⁵</span> <span class='ocrx_word' id='word_1_220' title='bbox 181 3122 214 3185; x_wconf 88' lang='lat' dir='ltr'>in</span> <span class='ocrx_word' id='word_1_221' title='bbox 245 3140 308 3201; x_wconf 89' lang='lat' dir='ltr'>qna</span> <span class='ocrx_word' id='word_1_222' title='bbox 333 3124 426 3185; x_wconf 87' lang='lat' dir='ltr'>natus</span> <span class='ocrx_word' id='word_1_223' title='bbox 452 3125 510 3196; x_wconf 88' lang='lat' dir='ltr'>est,</span> <span class='ocrx_word' id='word_1_224' title='bbox 545 3125 581 3184; x_wconf 89' lang='lat' dir='ltr'>ut</span> <span class='ocrx_word' id='word_1_225' title='bbox 610 3126 641 3185; x_wconf 88' lang='lat' dir='ltr'>et</span> <span class='ocrx_word' id='word_1_226' title='bbox 661 3122 748 3185; x_wconf 86' lang='lat' dir='ltr'>&#39;mori</span> <span class='ocrx_word' id='word_1_227' title='bbox 776 3126 893 3204; x_wconf 86' lang='lat' dir='ltr'>posset.</span> <span class='ocrx_word' id='word_1_228' title='bbox 925 3122 1059 3202; x_wconf 89' lang='lat' dir='ltr'>ideoque</span> <span class='ocrx_word' id='word_1_229' title='bbox 1092 3125 1125 3184; x_wconf 90' lang='lat' dir='ltr'>et</span> <span class='ocrx_word' id='word_1_230' title='bbox 1155 3121 1224 3200; x_wconf 87' lang='lat' dir='ltr'>ipse</span> <span class='ocrx_word' id='word_1_231' title='bbox 1257 3139 1329 3183; x_wconf 93' lang='lat' dir='ltr'>cum</span> 
     </span>
     <span class='ocr_line' id='line_1_27' title="bbox 180 3225 1328 3310; baseline 0 -21"><span class='ocrx_word' id='word_1_232' title='bbox 180 3227 304 3310; x_wconf 81' lang='lat' dir='ltr'>angelis</span> <span class='ocrx_word' id='word_1_233' title='bbox 324 3232 400 3291; x_wconf 89' lang='lat' dir='ltr'>tunc</span> <span class='ocrx_word' id='word_1_234' title='bbox 420 3228 503 3308; x_wconf 90' lang='lat' dir='ltr'>apud</span> <span class='ocrx_word' id='word_1_235' title='bbox 522 3228 680 3291; x_wconf 88' lang='lat' dir='ltr'>Abrabam</span> <span class='ocrx_word' id='word_1_236' title='bbox 700 3228 731 3290; x_wconf 93' lang='lat' dir='ltr'>in</span> <span class='ocrx_word' id='word_1_237' title='bbox 751 3228 886 3291; x_wconf 86' lang='lat' dir='ltr'>ueritate</span> <span class='ocrx_word' id='word_1_238' title='bbox 906 3227 1031 3309; x_wconf 89' lang='lat' dir='ltr'>quidem</span> <span class='ocrx_word' id='word_1_239' title='bbox 1052 3227 1154 3290; x_wconf 89' lang='lat' dir='ltr'>carnis</span> <span class='ocrx_word' id='word_1_240' title='bbox 1173 3225 1328 3308; x_wconf 86' lang='lat' dir='ltr'>apparuit,</span> 
     </span>
     <span class='ocr_line' id='line_1_28' title="bbox 180 3333 1328 3416; baseline -0.002 -19"><span class='ocrx_word' id='word_1_241' title='bbox 180 3334 236 3397; x_wconf 87' lang='lat' dir='ltr'>sed</span> <span class='ocrx_word' id='word_1_242' title='bbox 268 3335 408 3399; x_wconf 92' lang='lat' dir='ltr'>nondum</span> <span class='ocrx_word' id='word_1_243' title='bbox 443 3339 543 3411; x_wconf 87' lang='lat' dir='ltr'>natae,</span> <span class='ocrx_word' id='word_1_244' title='bbox 578 3336 652 3416; x_wconf 86' lang='lat' dir='ltr'>quia</span> <span class='ocrx_word' id='word_1_245' title='bbox 684 3334 823 3398; x_wconf 90' lang='lat' dir='ltr'>nondum</span> <span class='ocrx_word' id='word_1_246' title='bbox 855 3336 1036 3408; x_wconf 85' lang='lat' dir='ltr'>moriturae,</span> <span class='ocrx_word' id='word_1_247' title='bbox 1070 3334 1125 3398; x_wconf 90' lang='lat' dir='ltr'>sed</span> <span class='ocrx_word' id='word_1_248' title='bbox 1158 3333 1328 3397; x_wconf 82' lang='lat' dir='ltr'>edissertis</span> 
     </span>
     <span class='ocr_line' id='line_1_29' title="bbox 179 3440 1328 3525; baseline 0 -23"><span class='ocrx_word' id='word_1_249' title='bbox 179 3441 244 3503; x_wconf 89' lang='lat' dir='ltr'>iam</span> <span class='ocrx_word' id='word_1_250' title='bbox 272 3442 353 3505; x_wconf 88' lang='lat' dir='ltr'>inter</span> <span class='ocrx_word' id='word_1_251' title='bbox 380 3442 524 3505; x_wconf 87' lang='lat' dir='ltr'>homines</span> <span class='ocrx_word' id='word_1_252' title='bbox 554 3442 744 3505; x_wconf 88' lang='lat' dir='ltr'>conuersari.</span> <span class='ocrx_word' id='word_1_253' title='bbox 778 3462 839 3524; x_wconf 87' lang='lat' dir='ltr'>quo</span> <span class='ocrx_word' id='word_1_254' title='bbox 873 3442 975 3525; x_wconf 85' lang='lat' dir='ltr'>magis</span> <span class='ocrx_word' id='word_1_255' title='bbox 1008 3442 1123 3525; x_wconf 79' lang='lat' dir='ltr'>augeli,</span> <span class='ocrx_word' id='word_1_256' title='bbox 1156 3459 1256 3521; x_wconf 87' lang='lat' dir='ltr'>neque</span> <span class='ocrx_word' id='word_1_257' title='bbox 1289 3440 1328 3502; x_wconf 88' lang='lat' dir='ltr'>ad</span> 
     </span>
    </p>
   </div>
   <div class='ocr_carea' id='block_1_3' title="bbox 269 3626 507 3695">
    <p class='ocr_par' dir='ltr' id='par_1_3' title="bbox 269 3626 507 3695">
     <span class='ocr_line' id='line_1_30' title="bbox 269 3626 507 3695; baseline -0.004 -16"><span class='ocrx_word' id='word_1_258' title='bbox 269 3626 507 3695; x_wconf 63' lang='lat' dir='ltr'>mmmm</span> 
     </span>
    </p>
   </div>
   <div class='ocr_carea' id='block_1_4' title="bbox 177 3732 1327 4159">
    <p class='ocr_par' dir='ltr' id='par_1_4' title="bbox 177 3732 1327 4159">
     <span class='ocr_line' id='line_1_31' title="bbox 217 3732 1327 3804; baseline 0.002 -19"><span class='ocrx_word' id='word_1_259' title='bbox 217 3734 230 3785; x_wconf 94' lang='grc'><strong>1</strong></span> <span class='ocrx_word' id='word_1_260' title='bbox 252 3734 321 3785; x_wconf 88' lang='lat' dir='ltr'>enim</span> <span class='ocrx_word' id='word_1_261' title='bbox 340 3733 452 3801; x_wconf 78' lang='lat' dir='ltr'>scripsi:</span> <span class='ocrx_word' id='word_1_262' title='bbox 470 3735 560 3785; x_wconf 85' lang='lat' dir='ltr'>a&#39;utern</span> <span class='ocrx_word' id='word_1_263' title='bbox 576 3732 637 3787; x_wconf 76' lang='lat' dir='ltr'>nllr</span> <span class='ocrx_word' id='word_1_264' title='bbox 701 3732 766 3786; x_wconf 85' lang='lat' dir='ltr'>deus</span> <span class='ocrx_word' id='word_1_265' title='bbox 786 3750 817 3786; x_wconf 87' lang='lat' dir='ltr'>ec</span> <span class='ocrx_word' id='word_1_266' title='bbox 832 3734 902 3796; x_wconf 76' lang='lat' dir='ltr'>MR,</span> <span class='ocrx_word' id='word_1_267' title='bbox 922 3735 955 3787; x_wconf 87' lang='lat' dir='ltr'>ab</span> <span class='ocrx_word' id='word_1_268' title='bbox 976 3752 1007 3787; x_wconf 85' lang='lat' dir='ltr'>eo</span> <span class='ocrx_word' id='word_1_269' title='bbox 1026 3735 1056 3787; x_wconf 79' lang='lat' dir='ltr'><strong><em>F</em></strong></span> <span class='ocrx_word' id='word_1_270' title='bbox 1098 3735 1115 3786; x_wconf 85' lang='grc'><strong>4</strong></span> <span class='ocrx_word' id='word_1_271' title='bbox 1133 3736 1327 3804; x_wconf 85' lang='lat' dir='ltr'>hanc—quati-</span> 
     </span>
     <span class='ocr_line' id='line_1_32' title="bbox 178 3821 1327 3890; baseline 0.004 -17"><span class='ocrx_word' id='word_1_272' title='bbox 178 3824 265 3873; x_wconf 81' lang='lat' dir='ltr'>tatem</span> <span class='ocrx_word' id='word_1_273' title='bbox 284 3822 396 3889; x_wconf 75' lang='lat' dir='ltr'>scripsi:</span> <span class='ocrx_word' id='word_1_274' title='bbox 414 3821 465 3875; x_wconf 84' lang='lat' dir='ltr'>hac</span> <span class='ocrx_word' id='word_1_275' title='bbox 485 3822 617 3887; x_wconf 84' lang='lat' dir='ltr'>qualitate</span> <span class='ocrx_word' id='word_1_276' title='bbox 637 3822 699 3877; x_wconf 88' lang='lat' dir='ltr'>MR</span> <span class='ocrx_word' id='word_1_277' title='bbox 763 3828 778 3876; x_wconf 82' lang='lat'>5</span> <span class='ocrx_word' id='word_1_278' title='bbox 799 3840 904 3877; x_wconf 88' lang='lat' dir='ltr'>carnem</span> <span class='ocrx_word' id='word_1_279' title='bbox 925 3841 975 3877; x_wconf 85' lang='lat' dir='ltr'>nm.</span> <span class='ocrx_word' id='word_1_280' title='bbox 994 3824 1024 3876; x_wconf 85' lang='lat' dir='ltr'><em>F</em></span> <span class='ocrx_word' id='word_1_281' title='bbox 1082 3825 1096 3876; x_wconf 81' lang='lat'><strong>7</strong></span> <span class='ocrx_word' id='word_1_282' title='bbox 1117 3841 1147 3877; x_wconf 88' lang='lat' dir='ltr'>ac</span> <span class='ocrx_word' id='word_1_283' title='bbox 1165 3824 1234 3890; x_wconf 87' lang='lat' dir='ltr'>MF,</span> <span class='ocrx_word' id='word_1_284' title='bbox 1255 3830 1282 3878; x_wconf 85' lang='lat' dir='ltr'>et</span> <span class='ocrx_word' id='word_1_285' title='bbox 1300 3826 1327 3879; x_wconf 78' lang='lat' dir='ltr'>1c</span> 
     </span>
     <span class='ocr_line' id='line_1_33' title="bbox 179 3910 1325 3967; baseline 0.003 -5"><span class='ocrx_word' id='word_1_286' title='bbox 179 3910 398 3964; x_wconf 63' lang='lat' dir='ltr'>dinanensi*</span> <span class='ocrx_word' id='word_1_287' title='bbox 456 3912 488 3964; x_wconf 91' lang='grc'>10</span> <span class='ocrx_word' id='word_1_288' title='bbox 508 3915 604 3964; x_wconf 84' lang='lat' dir='ltr'>etum.</span> <span class='ocrx_word' id='word_1_289' title='bbox 624 3912 654 3964; x_wconf 83' lang='lat' dir='ltr'><em>F</em></span> <span class='ocrx_word' id='word_1_290' title='bbox 713 3913 742 3964; x_wconf 92' lang='lat' dir='ltr'>ll</span> <span class='ocrx_word' id='word_1_291' title='bbox 764 3913 908 3966; x_wconf 87' lang='lat' dir='ltr'>undeunde</span> <span class='ocrx_word' id='word_1_292' title='bbox 932 3914 997 3966; x_wconf 77' lang='lat' dir='ltr'>Urs:</span> <span class='ocrx_word' id='word_1_293' title='bbox 1017 3914 1169 3967; x_wconf 76' lang='lat' dir='ltr'>undele</span> <span class='ocrx_word' id='word_1_294' title='bbox 1229 3915 1262 3966; x_wconf 83' lang='grc'>12</span> <span class='ocrx_word' id='word_1_295' title='bbox 1282 3931 1325 3965; x_wconf 89' lang='lat' dir='ltr'>sn-</span> 
     </span>
     <span class='ocr_line' id='line_1_34' title="bbox 179 3999 1326 4068; baseline 0.003 -17"><span class='ocrx_word' id='word_1_296' title='bbox 179 4004 276 4066; x_wconf 87' lang='lat' dir='ltr'>matur,</span> <span class='ocrx_word' id='word_1_297' title='bbox 295 3999 398 4053; x_wconf 83' lang='lat' dir='ltr'>sufficit</span> <span class='ocrx_word' id='word_1_298' title='bbox 416 4000 498 4068; x_wconf 77' lang='lat' dir='ltr'>cartipo</span> <span class='ocrx_word' id='word_1_299' title='bbox 560 4002 592 4053; x_wconf 90' lang='lat'>15</span> <span class='ocrx_word' id='word_1_300' title='bbox 612 4000 755 4053; x_wconf 88' lang='lat' dir='ltr'>undeunde</span> <span class='ocrx_word' id='word_1_301' title='bbox 774 4002 845 4054; x_wconf 80' lang='lat' dir='ltr'>Lat:</span> <span class='ocrx_word' id='word_1_302' title='bbox 864 4002 934 4054; x_wconf 91' lang='lat' dir='ltr'>unde</span> <span class='ocrx_word' id='word_1_303' title='bbox 954 4003 1016 4057; x_wconf 84' lang='lat' dir='ltr'>MR</span> <span class='ocrx_word' id='word_1_304' title='bbox 1078 4003 1109 4055; x_wconf 88' lang='lat'>18</span> <span class='ocrx_word' id='word_1_305' title='bbox 1129 4006 1203 4055; x_wconf 82' lang='lat' dir='ltr'>certa</span> <span class='ocrx_word' id='word_1_306' title='bbox 1221 4005 1326 4055; x_wconf 84' lang='lat' dir='ltr'>ratione</span> 
     </span>
     <span class='ocr_line' id='line_1_35' title="bbox 177 4088 1326 4159; baseline 0.005 -19"><span class='ocrx_word' id='word_1_307' title='bbox 177 4102 213 4133; x_wconf 74' lang='lat' dir='ltr'>&#39;z</span> <span class='ocrx_word' id='word_1_308' title='bbox 233 4090 282 4141; x_wconf 82' lang='lat' dir='ltr'>nsit</span> <span class='ocrx_word' id='word_1_309' title='bbox 306 4088 364 4141; x_wconf 75' lang='lat' dir='ltr'>dein</span> <span class='ocrx_word' id='word_1_310' title='bbox 388 4089 552 4142; x_wconf 79' lang='lat' dir='ltr'>bestimmten</span> <span class='ocrx_word' id='word_1_311' title='bbox 573 4089 688 4143; x_wconf 81' lang='lat' dir='ltr'>Grundc</span> <span class='ocrx_word' id='word_1_312' title='bbox 778 4107 831 4159; x_wconf 86' lang='lat' dir='ltr'>qna</span> <span class='ocrx_word' id='word_1_313' title='bbox 849 4091 920 4158; x_wconf 78' lang='lat' dir='ltr'>MR,</span> <span class='ocrx_word' id='word_1_314' title='bbox 945 4093 1008 4158; x_wconf 83' lang='lat' dir='ltr'>quia</span> <span class='ocrx_word' id='word_1_315' title='bbox 1031 4092 1161 4145; x_wconf 75' lang='lat' dir='ltr'>Osis-ierus</span> <span class='ocrx_word' id='word_1_316' title='bbox 1183 4094 1225 4159; x_wconf 85' lang='lat' dir='ltr'>(irs</span> <span class='ocrx_word' id='word_1_317' title='bbox 1242 4095 1326 4158; x_wconf 79' lang='lat' dir='ltr'>notis)</span> 
     </span>
    </p>
   </div>
   <div class='ocr_carea' id='block_1_5' title="bbox 178 4176 1325 4329">
    <p class='ocr_par' dir='ltr' id='par_1_5' title="bbox 178 4176 1325 4329">
     <span class='ocr_line' id='line_1_36' title="bbox 178 4176 1325 4246; baseline 0.004 -19"><span class='ocrx_word' id='word_1_318' title='bbox 178 4178 214 4230; x_wconf 77' lang='lat'>‘27</span> <span class='ocrx_word' id='word_1_319' title='bbox 234 4176 381 4230; x_wconf 86' lang='lat' dir='ltr'>ediscentis</span> <span class='ocrx_word' id='word_1_320' title='bbox 403 4178 501 4245; x_wconf 83' lang='lat' dir='ltr'>scripsi</span> <span class='ocrx_word' id='word_1_321' title='bbox 524 4177 569 4245; x_wconf 83' lang='lat' dir='ltr'>(cs.</span> <span class='ocrx_word' id='word_1_322' title='bbox 591 4182 656 4238; x_wconf 74' lang='lat'>373,</span> <span class='ocrx_word' id='word_1_323' title='bbox 682 4183 717 4231; x_wconf 89' lang='grc'>18</span> <span class='ocrx_word' id='word_1_324' title='bbox 740 4184 764 4231; x_wconf 84' lang='lat' dir='ltr'>ct</span> <span class='ocrx_word' id='word_1_325' title='bbox 784 4180 816 4231; x_wconf 80' lang='lat' dir='ltr'>dc</span> <span class='ocrx_word' id='word_1_326' title='bbox 840 4196 924 4233; x_wconf 82' lang='lat' dir='ltr'>carne</span> <span class='ocrx_word' id='word_1_327' title='bbox 949 4180 1014 4233; x_wconf 82' lang='lat' dir='ltr'>Cirr.</span> <span class='ocrx_word' id='word_1_328' title='bbox 1034 4198 1055 4234; x_wconf 92' lang='lat' dir='ltr'>c.</span> <span class='ocrx_word' id='word_1_329' title='bbox 1079 4184 1118 4246; x_wconf 70' lang='lat' dir='ltr'>di:</span> <span class='ocrx_word' id='word_1_330' title='bbox 1144 4184 1171 4233; x_wconf 90' lang='lat' dir='ltr'>et</span> <span class='ocrx_word' id='word_1_331' title='bbox 1190 4181 1325 4234; x_wconf 83' lang='lat' dir='ltr'>discentes</span> 
     </span>
     <span class='ocr_line' id='line_1_37' title="bbox 179 4265 470 4329; baseline 0.003 -11"><span class='ocrx_word' id='word_1_332' title='bbox 179 4265 261 4329; x_wconf 77' lang='lat' dir='ltr'>MR¹,</span> <span class='ocrx_word' id='word_1_333' title='bbox 281 4265 410 4319; x_wconf 86' lang='lat' dir='ltr'>discentis</span> <span class='ocrx_word' id='word_1_334' title='bbox 430 4266 470 4319; x_wconf 67' lang='lat'>13³</span> 
     </span>
    </p>
   </div>
   <div class='ocr_carea' id='block_1_6' title="bbox 0 0 1630 4959">
    <p class='ocr_par' dir='ltr' id='par_1_6' title="bbox 0 0 1630 4959">
     <span class='ocr_line' id='line_1_38' title="bbox 0 0 1630 4959; baseline 0 2"><span class='ocrx_word' id='word_1_335' title='bbox 0 0 1630 4959; x_wconf 95' lang='lat' dir='ltr'> </span> 
     </span>
    </p>
   </div>
  </div>
 </body>
</html>
