3250 4959
314 394 406 460 XXII
777 384 998 441 Praelatio.

314 587 346 651 in
370 586 417 651 eis
441 582 617 667 opusculis,
646 600 727 665 quae
749 581 782 645 in
805 576 1041 644 Paterniacensi
1064 580 1198 655 exstant,
1225 576 1259 641 in
1282 574 1464 661 Montcpes·

316 694 429 759 solano
451 710 514 756 non
538 691 731 772 comparent,
755 685 882 751 codices
900 684 967 751 NG
985 685 1018 749 in
1037 684 1225 750 uniuersum
1247 687 1358 750 oontm
1374 684 1464 750 Hirs-

315 799 485 884 augienses
513 815 586 861 cnm
613 793 851 860 Paterniacensi
877 793 982 858 facere
1008 790 1168 870 uidemus,
1201 810 1238 856 en
1266 809 1328 875 quo
1356 794 1463 857 tamon

315 906 347 971 in
374 904 426 970 bis
449 903 595 988 partibus
618 919 672 967 eos
700 900 829 966 fluxisse
857 918 896 965 ne
924 898 1090 964 credamus
1121 897 1254 964 lacunae
1286 897 1466 983 impediunt

316 1012 417 1079 sollus
439 1008 693 1076 Paterniacensis
717 1006 871 1092 propriae.
903 1004 1035 1071 eandem
1061 1008 1169 1070 anum
1192 1005 1346 1071 rationem
1369 1005 1465 1071 inter·

316 1116 427 1184 cedere
444 1118 528 1181 inter
549 1113 619 1179 GN
632 1118 665 1179 et
682 1112 930 1197 Hirsaugienses
947 1112 981 1177 in
1000 1112 1047 1177 ais
1066 1112 1206 1197 scriptis,
1229 1130 1312 1197 qnae
1331 1131 1368 1177 ex
1386 1112 1464 1179 solis

316 1223 601 1311 Hirsaugiensibns
629 1222 731 1288 edidit
755 1220 937 1301 Rhenanus,
964 1220 1139 1287 uoluminis
1167 1219 1271 1303 quarti
1294 1224 1464 1303 apparatus

316 1332 447 1397 criticus
471 1330 606 1397 docebit
633 1330 818 1394 absolutum
836 1328 938 1413 igitur
960 1346 1033 1392 cum
1052 1327 1096 1393 sit
1117 1345 1176 1392 nec
1198 1346 1235 1391 er
1256 1326 1466 1411 Hirsangion·

318 1438 407 1504 sibus
439 1456 498 1503 nec
531 1456 567 1502 er
597 1433 834 1502 Paterniacensi
855 1434 913 1499 illa
935 1434 1055 1517 scripta
1076 1433 1248 1517 desumpta
1270 1451 1351 1512 esse,
1384 1433 1467 1499 ueri·

317 1542 518 1611 simillimum
540 1542 621 1608 mihi
642 1542 781 1619 uidetur,
815 1540 987 1623 quodiam
1010 1542 1102 1605 antea
1129 1541 1312 1623 suspicatus
1337 1560 1432 1619 eram,
1441 1542 1465 1623 ¹)

317 1650 468 1716 babuisse
483 1650 559 1716 olim
570 1649 889 1732 Montepessulanum
902 1648 1001 1713 etiam
1019 1647 1155 1713 alterum
1172 1646 1324 1713 uolumen
1342 1648 1467 1732 reliqna

318 1758 483 1823 continens
506 1754 647 1840 corporis
671 1752 891 1821 Oluniacensis
923 1754 1078 1837 opuscula
1104 1772 1189 1819 nnnc
1211 1754 1411 1838 deperditum
1432 1758 1466 1819 et

319 1882 487 1948 superesse
508 1862 606 1928 buius
627 1861 805 1927 uoluminis
828 1861 1024 1941 memoriam,
1046 1879 1239 1944 quamquam
1262 1860 1467 1944 deprecatam

318 1990 375 2037 nec
397 1970 564 2055 integram,
591 1968 624 2035 in
647 1971 716 2035 solo
739 1967 834 2035 hodie
856 1967 966 2034 codice
989 1968 1170 2034 Florentino
1191 1966 1233 2031 N
1250 1970 1296 2050 (et
1316 1968 1347 2032 in
1372 1967 1469 2033 colla-

317 2076 460 2143 tionibus
484 2075 691 2160 Gorsiensis),
714 2076 797 2141 undo
821 2076 961 2159 apparet,
985 2075 1096 2159 quanti
1118 2074 1209 2141 nobis
1229 2074 1356 2140 tuturus
1374 2074 1469 2139 sitin

317 2183 424 2266 quart
441 2182 616 2249 uoluminis
634 2182 726 2247 libris
744 2181 945 2248 recensendis
963 2182 1016 2248 hic
1034 2199 1234 2265 quemnemo
1249 2180 1470 2265 usqueadbuc

320 2290 459 2356 excussit
479 2289 562 2355 liber
583 2290 831 2373 manuscriptus.
1353 2340 1357 2347 .

364 2397 453 2462 Haec
465 2396 505 2462 do
520 2397 666 2463 codicum
681 2396 907 2476 fundamentis,
927 2396 1044 2477 quibus
1057 2395 1173 2461 nititur
1184 2396 1281 2463 buius
1294 2396 1469 2462 uoluminis

319 2504 473 2569 recensio.
500 2502 626 2568 infirma
647 2522 686 2568 ea
707 2522 779 2568 esse
802 2507 836 2569 et
855 2502 984 2568 fallacia
1006 2521 1080 2568 curn
1102 2508 1178 2587 post
1198 2503 1336 2587 primum
1360 2520 1469 2569 omnes

319 2610 469 2694 deinceps
489 2610 715 2695 cognouissent
732 2610 882 2689 editores,
899 2629 957 2691 pro
974 2610 1027 2676 sni
1047 2610 1183 2694 quisque
1200 2609 1321 2695 ingenii
1337 2610 1470 2676 faculta-

320 2715 408 2781 tibus
441 2714 634 2782 emendando
663 2715 786 2781 auctori
813 2720 1013 2781 nauauerunt
1039 2733 1178 2800 operam,
1212 2716 1369 2799 equibus
1393 2716 1468 2801 quid

321 2822 457 2906 quisque
476 2822 673 2905 praestiterit
689 2840 772 2887 nunc
789 2822 900 2904 paucis
920 2822 981 2888 erit
998 2822 1259 2888 adumbrandnm.
1278 2824 1384 2907 palma
1402 2824 1470 2889 sine

322 2929 419 2995 dubio
451 2928 661 2994 adiudicanda
693 2931 743 2994 est
773 2928 885 2994 Beati
917 2929 1085 2995 Rhenani
1123 2929 1302 3009 admirabili
1332 2930 1469 3015 ingenio,

321 3034 376 3118 qni
400 3038 571 3119 postquam
594 3052 673 3100 anno
699 3036 784 3100 1521
809 3036 944 3117 primam
968 3034 1139 3101 editionem
1162 3036 1271 3101 emisit
1293 3054 1367 3121 prae
1389 3039 1469 3102 tom·

323 3141 408 3225 poris
428 3142 597 3225 angustiis,
622 3146 659 3207 ut
678 3144 745 3227 ipse
763 3142 940 3225 profitetur,
967 3143 1041 3225 plus
1065 3161 1165 3226 aequo
1188 3146 1392 3223 maturatam,
1414 3160 1471 3227 per

323 3247 439 3333 uiginti
461 3248 525 3313 lere
548 3267 644 3314 annos
669 3253 701 3315 et
722 3248 956 3333 interpretando
981 3252 1013 3315 st
1036 3248 1231 3317 emendando
1259 3250 1469 3315 auctoritem

323 3360 485 3422 strenuam
503 3358 632 3439 tamque
650 3356 842 3421 indefessam
863 3355 1010 3421 adhibuit
1023 3356 1222 3435 industriam,
1241 3358 1323 3423 utin
1338 3376 1470 3440 sequen-

321 3464 409 3529 tibus
445 3463 568 3529 duabus
605 3464 797 3529 editionibus
834 3464 923 3530 annis
962 3464 1048 3529 1528
1085 3467 1118 3528 et
1150 3465 1237 3529 1539
1274 3464 1401 3529 emissis
1437 3468 1471 3530 et

323 3570 519 3635 emendatior
536 3588 661 3654 semper
679 3572 711 3635 et
728 3568 988 3636 adnotationibus
1006 3569 1130 3653 plenior
1156 3570 1296 3655 prodiret
1320 3570 1471 3636 Tertulli·
1514 3576 1520 3586 '

324 3695 412 3741 anus.
436 3676 488 3741 cui
507 3680 662 3759 quantum
685 3676 840 3758 profuerit
863 3677 1024 3762 singulare
1047 3677 1117 3742 eius
1139 3677 1259 3761 ingenii
1282 3696 1414 3743 acumen
1433 3694 1471 3743 ao

323 3782 436 3847 iudicii
456 3782 612 3848 sobrietas
631 3782 734 3866 prima
752 3801 896 3865 quaeque
913 3783 1010 3849 huius
1029 3784 1204 3850 uoluminis
1221 3784 1338 3868 pagina
1354 3783 1471 3849 malins

324 3886 452 3952 docebit
466 3906 558 3969 quam
575 3888 802 3954 ucrbosissima
815 3893 923 3955 nostra
934 3890 1086 3957 laudatio.
1105 3911 1199 3974 quam
1215 3890 1350 3956 feliciter
1364 3894 1471 3956 autem

324 3996 466 4059 exerceat
486 3994 671 4059 emendandi
694 3997 804 4075 artem,
828 3999 928 4062 testes
953 4001 1028 4061 sunt
1049 3996 1207 4079 imprimis
1226 3997 1299 4062 libri
1317 3996 1472 4061 odacrus

325 4098 549 4182 Hercoopereem
581 4105 613 4166 et
644 4100 798 4167 aduersus
835 4102 1084 4181 Valentinianos,
1122 4123 1202 4187 quos
1239 4124 1275 4169 en
1308 4104 1472 4170 codicibus

373 4291 392 4357 ²)
413 4290 555 4347 Kretenia
578 4291 757 4349 Vorcrbeiterr
776 4312 801 4364 p.
823 4295 864 4350 13.
