3250 4959
280 350 343 413 318
507 346 623 412 Quinti
643 345 784 415 Septimi
802 346 974 400 Florentis
994 345 1197 399 Tertulliani

279 560 352 623 ergo
380 541 443 604 iarn
474 541 648 623 apostolica
675 541 803 604 traditio
833 541 911 604 nihil
939 560 1033 622 passa
1060 545 1109 605 est
1136 541 1167 603 in
1197 545 1339 621 tempore
1366 559 1426 604 suo

279 650 361 712 circa
385 648 434 712 dei
453 649 607 732 regulam,
633 653 664 712 et
687 668 747 713 non
771 648 833 711 alia
857 647 1054 732 agnoscenda
1074 649 1134 712 erit
1151 647 1279 712 traditio
1300 649 1426 730 aposto·

277 757 379 819 lorum
399 775 492 837 quam
513 774 592 836 quae
611 755 704 820 hodie
725 755 808 837 apud
826 755 967 837 ipsorum
988 755 1139 820 ecclesias
1164 754 1277 818 editur.
1302 755 1424 818 nullam

278 866 383 927 autem
422 861 588 946 apostolici
627 881 741 926 census
779 861 947 926 ecclesiam
984 862 1138 938 inuenies
1177 881 1256 942 quae
1293 879 1354 924 non
1392 861 1422 922 in

277 974 416 1035 creatore
436 970 658 1034 christianizet.
683 973 739 1033 aut
761 969 789 1033 si
812 969 871 1032 hae
896 972 988 1032 erunt
1011 988 1028 1032 a
1052 968 1222 1049 primordio
1247 972 1423 1050 corruptae.
1455 991 1468 1028 r.

277 1095 356 1158 quae
390 1080 482 1139 erunt
508 1075 670 1159 integrae?
702 1075 852 1138 nimirum
887 1075 1083 1138 aduersariae
1119 1073 1278 1137 creatoris.
1313 1074 1425 1138 exhibe

277 1203 351 1266 ergo
380 1183 518 1265 aliquam
547 1201 583 1245 ex
611 1182 676 1246 tuis
705 1182 872 1264 apostolici
898 1201 1023 1259 census,
1053 1186 1085 1245 et
1109 1181 1286 1245 obduxeris.
1324 1181 1424 1264 igitur

275 1308 348 1352 cunr
368 1290 514 1354 ornnihns
533 1288 637 1353 modis
657 1293 782 1352 constet
802 1289 899 1352 aliurn
925 1289 1019 1352 derrm
1042 1289 1074 1351 in
1098 1289 1209 1371 regula
1233 1289 1420 1350 sacramenti

275 1395 371 1460 istius
398 1415 460 1460 non
488 1395 589 1459 fuisse
613 1415 631 1458 a
655 1393 781 1459 Christo
811 1414 913 1476 usque
938 1395 977 1458 ad
1000 1395 1192 1459 Marcionem
1217 1413 1312 1476 quarn
1337 1411 1420 1458 crea-

274 1507 385 1580 torem,
405 1503 483 1566 satis
497 1503 561 1565 iam
581 1506 614 1565 et
632 1500 774 1582 probatio
794 1506 902 1566 nostra
920 1501 1042 1565 munita
1062 1504 1120 1578 est,
1141 1519 1203 1582 qua
1222 1500 1418 1564 ostendimus
1440 1523 1463 1559 n

276 1610 419 1674 notitiam
450 1609 500 1673 dei
528 1609 679 1673 haeretici
708 1628 744 1672 ex
773 1608 931 1692 euangelii
960 1613 992 1672 et
1015 1608 1096 1692 legis
1125 1608 1322 1689 separatione
1351 1626 1419 1670 coe-

274 1718 371 1798 pisse,
400 1720 432 1779 et
455 1715 594 1780 definitio
620 1718 763 1796 superior
785 1716 941 1779 instructa
965 1720 1024 1788 est,
1050 1733 1110 1778 non
1135 1733 1204 1777 esse
1229 1712 1417 1777 credendum

275 1825 380 1899 deum,
412 1843 504 1904 quem
535 1823 629 1886 homo
659 1823 697 1886 de
721 1823 789 1886 suis
814 1823 961 1886 sensibus
987 1822 1210 1904 composuerit,
1241 1820 1303 1884 nisi
1328 1821 1417 1902 plane

274 1929 454 2010 prophetes.
487 1929 518 1993 id
552 1932 601 1992 est
633 1947 693 1992 non
728 1927 765 1991 de
803 1928 872 1991 suis
906 1927 1061 1992 sensibus.
1105 1926 1188 2009 quod
1221 1927 1248 1990 si
1276 1925 1416 1990 Marcion

273 2037 389 2116 poterit
409 2035 480 2110 dici,
501 2036 629 2099 debebit
643 2035 738 2098 etiam
753 2035 893 2116 prohari;
910 2055 957 2099 ee
973 2035 1051 2098 nihil
1065 2038 1234 2098 retractare
1251 2031 1417 2114 oportebit.
1437 2057 1462 2094 ra

273 2143 333 2205 hoc
371 2143 452 2205 enim
490 2161 589 2206 cuneo
627 2143 772 2207 ueritatis
807 2143 909 2206 omnis
943 2141 1119 2206 extruditur
1156 2139 1306 2215 haeresis,
1345 2155 1416 2203 cum

273 2249 419 2312 Christus
435 2269 494 2312 uon
511 2251 639 2313 alterius
659 2250 709 2314 dei
729 2268 823 2330 quarn
843 2250 991 2313 creatoris
1011 2249 1214 2314 circumlator
1231 2246 1416 2313 ostenditur.

317 2357 369 2418 22.
386 2354 448 2418 Sed
467 2356 625 2437 quomodo
644 2356 787 2419 funditus
808 2359 968 2420 euertetnr
987 2355 1203 2429 antichristus.
1224 2354 1285 2418 nisi
1304 2353 1417 2417 ceteris

273 2480 397 2543 quoque
417 2462 639 2527 iniectionibus
659 2463 729 2526 eius
753 2462 906 2527 elidendis
930 2463 1021 2528 locus
1046 2464 1147 2536 detur.
1171 2463 1307 2526 relaxata
1330 2481 1416 2544 prae-

271 2567 477 2649 scriptionum
503 2567 707 2633 defensione‘?
737 2570 924 2633 accedamus
948 2570 1047 2652 igitur
1070 2570 1132 2633 iam
1157 2569 1228 2632 hinc
1252 2568 1291 2632 ad
1314 2568 1414 2650 ipsam
1433 2588 1459 2628 ao

272 2674 322 2736 dei
350 2693 526 2755 personam,
558 2676 611 2740 uel
639 2677 747 2758 potius
780 2677 924 2762 umbram
959 2682 992 2740 et
1021 2676 1209 2758 phantasma
1241 2674 1415 2739 secundum

273 2779 434 2844 Christum
470 2783 583 2863 ipsius,
621 2803 676 2865 per
708 2783 803 2864 idque
837 2783 1042 2860 examinetur,
1080 2802 1135 2864 per
1167 2781 1251 2864 qnod
1284 2781 1416 2846 creatori

270 2888 454 2969 praefertur.
492 2895 524 2953 et
553 2891 663 2972 ntique
692 2896 783 2954 erunt
810 2891 937 2973 regulae
972 2893 1073 2955 certae
1107 2889 1145 2952 ad
1180 2889 1414 2954 examinandam

271 2993 319 3056 dei
335 2994 518 3059 honitatem.
534 2997 589 3060 sed
603 2998 690 3080 prius
707 3001 765 3075 est,
786 3001 821 3061 ut
840 2997 999 3061 inueniam
1018 2997 1104 3061 illam
1126 3001 1159 3060 et
1174 2994 1415 3078 adprehendam,

271 3100 366 3163 etita
390 3102 429 3165 ad
451 3105 579 3186 regulas
603 3103 784 3186 perducam.
815 3123 885 3168 cum
911 3105 992 3166 enim
1018 3103 1237 3185 circumspicio
1261 3105 1414 3184 tempora,
1433 3119 1457 3159 τι

270 3227 425 3288 nusquam
456 3214 505 3273 est
533 3229 551 3274 a
578 3211 749 3292 primordio
778 3211 981 3274 materiarum
1015 3214 1047 3274 et
1074 3209 1206 3273 introitu
1237 3227 1414 3272 causarum.

269 3333 341 3378 curn
361 3314 477 3397 quihus
497 3316 648 3381 debuerat
666 3316 811 3394 inueniri,
836 3317 944 3381 exinde
965 3337 1072 3400 agens,
1097 3335 1158 3398 qno
1179 3335 1271 3399 agere
1291 3315 1412 3379 hahuit.

269 3425 335 3484 erat
362 3423 444 3485 enirn
473 3424 534 3485 iarn
565 3427 598 3487 et
625 3443 709 3486 mors
735 3427 766 3488 et
790 3423 921 3487 aculeus
947 3424 1067 3500 mertia,
1098 3423 1260 3500 delictum,
1290 3427 1322 3486 et
1344 3422 1412 3504 ipsa

268 3527 391 3590 malitia
419 3531 577 3606 creatoris
611 3529 764 3594 aduersus
795 3550 889 3612 qnam
921 3529 1089 3593 subuenire
1122 3528 1250 3592 deberet
1282 3528 1412 3592 alterius

357 3686 402 3752 281
423 3684 456 3738 cs.
476 3685 489 3737 I
509 3687 569 3740 Cor.
590 3689 630 3741 15.
650 3691 693 3740 hd.

305 3809 315 3859 l
338 3809 391 3860 iam
413 3809 480 3873 MR,
500 3810 553 3862 iam
574 3821 599 3862 ct
617 3811 644 3863 F
691 3813 981 3866 3ecclesins*censue
997 3830 1047 3864 om.
1064 3812 1091 3864 F
1141 3812 1171 3864 ll
1188 3811 1316 3863 haeretici
1332 3809 1410 3863 Mus

266 3895 402 3949 haeretice
426 3897 465 3950 R¹
540 3901 571 3950 lsi
596 3901 725 3952 incurram
743 3902 871 3969 m'pnnur':
894 3901 917 3952 si
937 3918 988 3953 non
1010 3901 1111 3969 poterit
1131 3899 1237 3968 probari
1256 3899 1409 3966 supplendo

268 4001 359 4038 censeo
433 3988 570 4055 oportebit
590 3989 702 4055 curiosi:
728 3991 871 4058 oportebat
890 3989 952 4042 MR
1008 3990 1040 4042 18
1060 3993 1197 4042 euertetur
1215 3989 1249 4050 R,
1270 3993 1411 4040 euencetur

267 4074 330 4126 ΜΡ
400 4077 434 4127 ‘23
458 4077 660 4130 erarnincndurn
685 4078 715 4130 F
784 4081 818 4132 26
838 4080 951 4131 introit-u
971 4079 1012 4133 M.
1037 4077 1241 4132 inintroituR
1304 4077 1338 4129 ‘27
1357 4092 1409 4144 quo

265 4163 327 4216 MR
346 4163 390 4228 ((ῑῖΙ
409 4167 476 4229 336,
492 4167 549 4230 27).
565 4165 637 4234 quod
656 4165 708 4219 Ura
780 4183 859 4234 agere
877 4165 989 4234 scripsi:
1008 4166 1052 4233 agi
1067 4165 1128 4219 MR
1182 4165 1216 4219 28
1236 4169 1263 4218 et
1282 4181 1353 4217 nrors
1367 4164 1409 4225 Μ,

266 4269 337 4304 rnors
356 4253 384 4306 Ia'
