3250 4959
380 441 441 494 Vll.
461 439 627 495 Aduersus
646 440 846 495 Marcionem
865 442 913 496 lib.
932 442 1071 497 1117-8.
1234 447 1300 508 389

149 638 207 720 qui
240 636 348 719 ipsum
379 637 472 701 deum
491 637 574 707 ¹eius
612 656 670 702 nec
707 642 867 702 auctorem
905 638 1006 702 carnis
1042 637 1207 703 induxerat
1243 658 1298 702 nec

148 746 422 823 resuscitatorem,
446 745 601 827 optimum
626 745 778 809 uidelicet
801 747 834 809 et
855 744 887 808 in
911 745 973 808 isto
994 750 1026 809 et
1044 744 1298 809 diuersissimam

149 871 166 914 a
194 851 371 915 mendaciis
400 854 432 915 et
458 850 594 915 fallaciis
622 850 781 914 creatoris.
815 855 847 914 et
873 850 944 915 ideo
974 850 1118 916 Christus
1148 851 1228 928 eius,
1260 871 1298 915 ne

148 958 349 1037 mentiretur,
373 976 410 1021 ne
429 956 553 1021 falleret
571 959 603 1020 et
621 956 681 1021 hoc
699 958 793 1021 modo
814 958 965 1022 creatoris
983 958 1115 1022 forsitan
1135 957 1298 1039 deputare·

114 1086 128 1124 a
147 1070 212 1139 tur,
229 1084 290 1128 non
306 1068 372 1128 erat
387 1062 470 1144 quod
484 1062 653 1127 uidebatur
672 1069 704 1127 et
723 1063 807 1144 quod
827 1068 895 1128 erat
913 1064 1137 1128 mentiebatur:
1151 1082 1222 1128 caro
1241 1083 1299 1128 nec

148 1190 231 1249 caro,
249 1171 345 1234 homo
364 1189 420 1234 nec
439 1171 542 1234 homo.
562 1170 691 1251 proinde
711 1169 800 1246 deus,
820 1170 940 1253 opinor,
959 1189 1016 1234 nec
1034 1169 1122 1235 deus.
1141 1189 1197 1234 cur
1215 1171 1295 1234 enim

147 1298 210 1341 non
231 1277 327 1341 etiam
347 1276 397 1341 dei
416 1277 605 1360 phantasma
623 1276 819 1358 portauerit?
843 1296 881 1341 an
901 1277 1025 1341 credam
1045 1277 1130 1341 eide
1149 1275 1296 1341 interiore

147 1383 340 1459 substantia,
373 1383 427 1465 qui
456 1384 500 1447 sit
531 1383 569 1447 de
602 1384 753 1447 exteriore
785 1382 979 1447 frustratus?
1012 1382 1170 1463 quomodo
1203 1402 1296 1446 uerar

146 1492 319 1556 habebitur
340 1492 371 1554 in
397 1494 522 1555 occulto
547 1494 613 1553 tam
635 1491 730 1554 fallax
753 1494 896 1571 repertus
919 1490 951 1552 in
980 1493 1108 1572 aperto?
1137 1489 1294 1571 quomodo

100 1621 126 1659 ro
146 1601 267 1674 autem,
310 1597 340 1660 in
383 1596 555 1680 semetipso
597 1598 764 1660 ueritatem
808 1596 951 1679 spiritus,
992 1596 1150 1660 fallaciam
1193 1596 1295 1660 carnis

146 1704 355 1782 confundens,
389 1710 535 1786 negatam
568 1704 607 1768 ab
640 1704 784 1785 apostolo
816 1704 908 1783 lucis,
931 1703 963 1767 id
996 1707 1046 1768 est
1072 1703 1229 1778 uemmtis,
1263 1708 1295 1767 et

143 1811 356 1886 tenebrarum,
379 1810 412 1873 id
435 1814 485 1874 est
507 1809 661 1887 fallaciae,
686 1809 848 1875 commisit
870 1810 1207 1874 communicationem?
1230 1810 1292 1873 iam

145 1936 242 1991 nunc,
276 1935 349 1980 cum
378 1916 578 1981 mendacium
605 1916 850 1997 deprehenditur
878 1915 995 1980 Christi
1023 1935 1105 1993 caro,
1131 1916 1293 1998 ‘sequitun

144 2032 183 2085 ιιι
212 2028 244 2086 ει
273 2024 387 2098 omnia,
417 2042 496 2105 quae
524 2042 579 2105 per
607 2041 729 2087 carnem
754 2022 872 2088 Christi
900 2029 991 2107 gesta
1019 2028 1103 2101 sunt,
1129 2023 1292 2088 mendacio

97 2155 124 2194 ra
144 2135 238 2212 gesta
275 2130 348 2209 sint,
390 2148 579 2213 congressus
623 2134 789 2195 contactus
833 2131 999 2195 conuictus
1038 2131 1127 2213 ipsae
1167 2150 1293 2213 quoque

144 2237 294 2301 uirtutes,
319 2236 346 2301 si
366 2238 449 2301 enim
468 2236 626 2319 tangendo
646 2237 784 2318 aliquem
802 2237 953 2301 liberauit
971 2257 989 2301 a
1007 2238 1087 2301 uitio
1111 2238 1166 2301 uel
1187 2241 1292 2302 tactus

145 2343 184 2406 ab
210 2344 328 2426 aliquo,
352 2344 437 2425 quod
460 2344 666 2425 corporaliter
689 2348 794 2407 aetum
820 2348 871 2409 est
888 2362 948 2408 non
967 2349 1074 2426 potest
1092 2364 1166 2408 uere
1184 2349 1292 2408 actum

145 2448 232 2513 credi
252 2450 320 2513 sine
340 2450 479 2531 corporis
497 2451 600 2531 ipsius
619 2450 765 2514 ueritate.
784 2450 864 2515 nihil
883 2450 1020 2515 solidum
1040 2452 1078 2514 ab
1098 2452 1193 2528 inani,
1213 2452 1293 2516 nihil

144 2556 274 2639 plenum
309 2576 327 2620 a
358 2576 459 2621 uacuo
488 2556 596 2639 perfici
623 2557 725 2621 licuit.
758 2558 926 2640 putatiuus
953 2558 1092 2636 habitus,
1125 2558 1291 2640 putatiuus

96 2687 123 2726 ιο
143 2668 251 2726 aetus:
276 2662 483 2745 imaginarius
510 2667 665 2745 operator,
693 2664 896 2747 imaginariae
920 2683 1042 2747 operae.
1072 2664 1118 2728 sic
1141 2684 1198 2729 nec
1221 2684 1289 2747 pas·

144 2769 252 2833 siches
277 2768 394 2835 Christi
423 2772 491 2833 eius
519 2770 613 2834 fidem
642 2770 857 2835 merebuntur.
886 2771 965 2835 nihil
993 2772 1074 2835 enim
1102 2791 1218 2862 passus
1242 2777 1291 2835 est

143 2875 198 2955 qui
214 2894 275 2939 non
290 2896 364 2939 uere
380 2879 429 2940 est
442 2896 571 2959 passus;
597 2896 671 2940 uere
687 2880 793 2940 autem
808 2877 875 2959 pati
889 2878 1077 2959 phantasma
1094 2897 1155 2941 non
1175 2878 1289 2960 potuit.

142 3000 292 3046 euersum
318 2990 367 3045 est
389 2982 487 3066 igitur
510 2987 613 3047 totum
638 2982 688 3046 dei
712 3001 803 3065 opus.
832 2986 935 3047 totum
960 2984 1131 3048 Christiani
1155 2986 1290 3049 nominis

142 3096 175 3151 et
194 3088 319 3171 pondus
335 3095 367 3152 et
381 3090 515 3167 fructus,
534 3109 619 3157 mors
636 3089 763 3165 Christi,
783 3096 927 3173 negatur,
948 3110 1041 3173 quam
1055 3094 1122 3155 tam
1136 3093 1290 3173 impresse

94 3222 121 3261 as
141 3195 307 3277 apostolus
337 3194 513 3272 demandat,
538 3197 649 3277 utique
678 3216 795 3273 ueram,
821 3216 981 3261 summum
1010 3217 1079 3261 eam
1106 3198 1290 3262 fundamen-

140 3307 211 3365 tum
237 3300 395 3384 euangelii
419 3303 615 3367 constituens
641 3306 673 3365 et
700 3302 815 3367 salutis
838 3308 963 3366 nostrae
988 3307 1020 3367 et
1046 3304 1289 3385 praedicationis

141 3426 227 3471 suae.
256 3406 397 3473 tradidi
427 3409 533 3483 enim,
562 3408 676 3490 inquit,
701 3409 811 3473 uobis
840 3409 1041 3493 inprimis,
1067 3410 1287 3491 quodChri-

141 3518 226 3577 stus
252 3518 421 3579 mortuus
446 3514 498 3578 sit
520 3534 584 3596 pro
609 3516 778 3597 peccatis
804 3516 946 3580 nostris
976 3522 1012 3581 et
1040 3516 1135 3597 quod
1167 3518 1287 3598 sepul-

139 3626 203 3685 tus
224 3622 275 3685 sit
295 3624 332 3685 et
350 3622 447 3703 quod
465 3624 716 3686 resurrexerit
735 3624 850 3686 tertia
869 3623 935 3686 die.
955 3643 1057 3704 porro,
1078 3624 1105 3686 si
1125 3642 1195 3688 caro
1217 3624 1286 3687 eius

91 3755 118 3792 ao
137 3731 284 3809 negatur,
309 3728 466 3809 quomodo
491 3748 575 3791 mors
600 3728 667 3791 eius
692 3729 907 3804 adseueratur,
933 3749 1011 3811 quae
1036 3730 1161 3812 propria
1185 3731 1287 3793 carnis

232 3934 275 4003 ll]
295 3935 327 3989 ci.
347 3934 375 3987 Il
394 3934 453 3989 Cor.
474 3938 498 3991 a.
521 3938 560 3988 14.
609 3938 655 4005 ‘251
672 3937 704 3989 cl.
721 3936 733 3989 I
749 3938 807 3991 Cor.
826 3940 867 4005 le,
883 3940 922 3991 14.
969 3938 1015 4007 aa]
1036 3938 1048 3990 l
1069 3937 1129 3991 Cor.
1151 3939 1191 4004 15,
1206 3940 1285 3992 3-4.

174 4059 191 4111 6
210 4058 300 4121 horno,
324 4058 437 4128 proinde
456 4062 541 4129 culpo
641 4062 736 4129 opinor
758 4064 870 4129 scripsi:
890 4062 1013 4116 Christus
1032 4062 1095 4116 MR
1182 4062 1215 4115 10
1234 4062 1285 4115 fal-

136 4147 235 4199 lacianr
253 4146 336 4211 Mal,
356 4148 465 4202 fallacia
482 4148 615 4217 R³ucl90
665 4151 697 4202 12
716 4152 898 4207 tenebrarum.
918 4150 947 4203 id
966 4157 1008 4204 est
1027 4150 1151 4203 fallaciae
1170 4152 1284 4217 scapo:

137 4235 262 4289 fallaciae
290 4236 318 4289 id
347 4248 389 4290 est
416 4238 586 4292 tenebrarum
611 4238 673 4292 Ma
780 4241 811 4293 13
841 4240 943 4295 Christi
976 4239 1042 4293 Ure:
1077 4238 1202 4293 Christus
1224 4240 1285 4293 llll

139 4326 172 4379 16
192 4324 319 4378 liberauit
337 4324 374 4392 R,
392 4325 521 4380 liberabit
539 4327 603 4379 ΜΓ
655 4330 688 4381 29
707 4329 882 4383 resurrexerit
900 4329 968 4398 MF,
988 4329 1132 4382 resurrexit
1150 4328 1178 4381 R
