3250 4959
396 428 454 481 l'Il.
476 427 642 482 Aduersus
661 428 861 481 Marcionem
879 429 928 485 lib.
947 428 989 483 111
1008 430 1086 484 6-7.
1252 435 1316 499 387

161 644 236 688 rem
276 624 429 689 dierum.
467 624 597 689 aderat
629 624 663 688 in
698 629 906 707 conspectu
936 625 1029 702 eius,
1063 629 1100 690 et
1128 627 1193 709 qui
1220 628 1315 691 adsi-

161 732 317 795 stebant
354 730 588 795 adduxerunt
625 730 742 794 illum.
783 734 819 794 et
856 730 943 794 data
976 734 1034 795 est
1067 733 1099 795 ei
1139 737 1315 816 potestas

161 839 269 921 regia
294 842 329 901 ct
354 856 482 903 omnes
511 837 683 903 nationes
713 842 836 901 terrae
866 838 1067 902 secundum
1105 859 1243 923 genera
1280 845 1316 903 et

161 946 282 1009 omnis
320 943 441 1027 gloria
474 943 753 1007 famulabunda.
796 948 833 1007 ct
864 946 1037 1025 potestas
1071 943 1153 1007 eius
1191 964 1312 1028 usque

128 1052 197 1114 aiu
221 1070 353 1115 aeuum
374 1068 466 1130 quae
485 1068 555 1113 non
576 1049 781 1127 auferetur,
796 1053 1005 1131 etregnum
1026 1048 1108 1113 eius
1128 1052 1225 1131 quod
1244 1071 1314 1115 non

161 1157 378 1221 uitiabitur.
408 1162 482 1219 tunc
514 1156 637 1220 scilicet
665 1154 833 1219 habiturus
858 1158 907 1219 est
931 1160 1069 1237 speciem
1098 1157 1314 1222 honorabilem

162 1271 194 1329 et
211 1265 355 1328 decorem
372 1262 604 1327 indeficientem
620 1280 713 1345 super
724 1262 805 1325 lilios
821 1262 1313 1345 hominum-tempestiuus

162 1371 258 1445 euim,
287 1368 399 1452 inquit,
432 1370 565 1433 decore
594 1368 690 1431 citra
719 1368 828 1432 filios
861 1369 1062 1438 hominum,
1097 1370 1222 1434 effusa
1254 1376 1312 1435 est

163 1477 292 1560 gratia
319 1477 355 1539 in
384 1476 499 1540 labiis
527 1475 621 1543 tuis:
652 1478 853 1557 propterea
879 1475 1074 1541 benedixit
1100 1482 1137 1539 te
1161 1476 1253 1541 dens
1277 1479 1312 1541 iu

113 1608 140 1645 ro
164 1603 308 1649 aerium.
343 1584 541 1666 accingere
575 1600 698 1646 ensem
734 1601 846 1663 super
878 1582 998 1645 femur
1027 1587 1144 1658 tuum,
1177 1576 1320 1666 potens¹

160 1690 472 1773 tempestiuitate
492 1694 556 1752 tua
575 1692 611 1753 et
630 1687 918 1771 pulchritudine
938 1692 1003 1753 tua
1017 1725 1060 1733 —
1077 1708 1149 1753 cum
1165 1694 1198 1753 et
1210 1696 1309 1771 pater,

160 1801 369 1880 posteaquam
393 1796 542 1861 diminuit
565 1814 636 1860 cunr
661 1795 821 1859 modicum
847 1796 924 1877 quid
947 1797 1027 1860 citra
1045 1798 1186 1880 angelos,
1211 1798 1312 1881 gloria

161 1910 193 1967 et
226 1903 343 1967 honore
375 1901 538 1967 coronabit
570 1901 661 1965 illurn
696 1903 727 1964 et
760 1901 897 1966 subiciet
925 1902 1028 1966 omnia
1062 1902 1197 1985 pedibus
1231 1906 1312 1969 eius

159 2015 238 2074 tunc
262 2015 294 2073 et
317 2012 507 2095 cognoscent
531 2028 601 2071 eum
632 2008 686 2090 qui
717 2012 948 2091 compugerunt
975 2011 1007 2072 et
1031 2009 1163 2073 caedent
1185 2015 1313 2092 pectora

110 2142 138 2181 rs
161 2136 221 2179 sua
244 2116 346 2179 tribus
370 2115 409 2178 ad
433 2115 562 2189 tribum,
587 2115 698 2195 utique
723 2114 806 2195 quod
830 2117 913 2179 retro
938 2134 996 2179 non
1023 2121 1220 2198 agnouerunt
1239 2136 1312 2181 eum

160 2224 191 2286 in
217 2222 396 2286 humilitate
421 2220 613 2285 condicionis
632 2220 805 2283 humanae:
830 2225 866 2284 et
889 2221 996 2286 homo
1022 2226 1090 2299 est,
1114 2222 1218 2303 inquit
1236 2224 1309 2287 Hie·

159 2328 285 2398 remias,
315 2332 351 2393 et
380 2328 463 2411 quis
489 2332 697 2411 cognoscet
725 2327 856 2392 illum?
886 2328 959 2410 quia
988 2332 1033 2392 et:
1066 2328 1310 2395 natiuitatem

159 2437 252 2511 eins,
272 2436 394 2501 Esaias.
420 2434 513 2515 quis,
538 2433 650 2515 inquit,
676 2434 887 2498 enarrabit?
908 2434 955 2499 sic
974 2438 1007 2498 et
1025 2435 1109 2517 apud
1129 2436 1310 2501 Zachariam

158 2543 190 2605 in
220 2560 354 2624 persona
377 2542 459 2619 lesu,
487 2542 584 2605 immo
614 2540 699 2603 etin
724 2541 792 2621 ipso
818 2541 954 2605 nominis
979 2546 1186 2621 sacramento,
1214 2563 1309 2607 uerus

107 2676 136 2711 ao
159 2668 306 2713 summus
340 2648 485 2713 sacerdos
520 2648 628 2729 patris,
663 2646 809 2711 Christus
843 2648 946 2720 Iesus,
980 2648 1100 2729 duplici
1134 2648 1245 2712 habitu
1277 2648 1309 2711 in

157 2756 238 2820 duos
258 2755 413 2819 aduentus
434 2754 612 2831 deliniatur,
636 2754 737 2834 primo
758 2754 894 2818 sordidis
913 2754 1055 2831 indutus,
1080 2754 1182 2818 idest
1205 2755 1308 2818 carnis

154 2862 319 2943 passibilis
339 2865 371 2925 et
389 2861 532 2926 mortalis
552 2860 750 2943 indignitate,
771 2880 844 2924 cum
864 2864 897 2924 et
917 2860 1061 2925 diabolus
1081 2861 1310 2925 aduersabatur

155 2969 196 3036 ei.
222 2970 333 3031 auctor
356 2968 479 3031 scilicet
502 2967 599 3031 ludac
622 2966 795 3041 traditoris,
820 2966 984 3031 pedicam
1010 2967 1105 3029 etiam
1134 2973 1208 3049 post
1235 2967 1309 3049 bap-

154 3076 254 3138 tisma
281 3076 461 3154 temptator,
492 3073 605 3137 dehine
634 3072 831 3153 despoliatus
861 3073 1010 3154 pristinas
1035 3072 1145 3136 sordes
1169 3078 1201 3136 et
1225 3091 1308 3136 exor-

106 3210 135 3251 25
154 3184 249 3245 natus
264 3180 379 3263 podere
399 3183 431 3245 et
448 3178 542 3243 mitra
566 3184 597 3243 et
617 3180 713 3243 cidari
733 3179 859 3259 munda,
878 3179 911 3243 id
931 3188 981 3243 est
999 3178 1131 3243 secundi
1150 3179 1307 3243 aduentus

154 3287 256 3371 gloria
274 3290 305 3349 et
324 3286 449 3349 honore.
469 3285 497 3349 si
512 3284 595 3349 enim
610 3288 642 3348 et
657 3284 791 3348 duorum
806 3284 976 3360 hircorum,
992 3285 1046 3366 qui
1062 3284 1179 3348 ieiunio
1197 3286 1306 3348 offere-

153 3394 280 3469 bantur,
299 3392 412 3457 faciam
428 3392 730 3474 interpretationem,
751 3410 853 3455 nonne
869 3395 901 3454 et
914 3392 963 3455 illi
976 3396 1149 3471 utrumque
1165 3392 1305 3455 ordinem

245 3511 495 3583 7]Ps.44.3-5.
562 3514 605 3582 121
627 3514 659 3567 el.
680 3513 724 3567 Ps.
744 3514 769 3580 8,
788 3514 813 3567 6.
880 3514 924 3582 131
945 3513 979 3568 of.
997 3512 1044 3567 Ps.
1064 3514 1089 3578 8,
1109 3514 1134 3567 7.
1205 3514 1249 3581 14]
1271 3514 1304 3567 cf.

153 3603 615 3672 zach.12,10.12.10n.19.37.
664 3604 707 3670 161
729 3603 801 3656 Hier.
825 3604 866 3667 17,
882 3604 906 3657 9,
955 3604 999 3673 17]
1015 3602 1061 3656 Εε.
1077 3604 1121 3669 53,
1136 3605 1161 3657 8.
1210 3604 1254 3671 18]
1271 3603 1305 3660 cf.

153 3694 233 3747 Zach.
252 3693 276 3752 3.
296 3694 375 3746 3-5.
431 3692 475 3761 ab]
496 3694 529 3748 ci.
549 3692 616 3747 Leu.
638 3692 680 3755 16,
699 3692 796 3746 5-10.

191 3784 203 3835 1
230 3784 299 3852 <et>
325 3781 419 3835 aderat
445 3782 519 3835 Pom
636 3784 652 3835 6
681 3780 832 3838 uitiabitur.
860 3785 926 3835 tunc
954 3782 1032 3851 Eup.-
1059 3780 1212 3847 uitiabitnr,
1240 3784 1305 3835 tunc

151 3872 236 3939 arrrlpo
317 3874 359 3923 est
377 3870 442 3939 Eup
461 3870 522 3932 (loc.
539 3886 606 3940 gem.
625 3878 754 3935 secutam:
776 3874 803 3923 et
822 3870 884 3923 MR
954 3873 1067 3939 isupra
1087 3870 1118 3923 F
1200 3886 1304 3937 pareu-

151 3961 241 4013 thear'n
259 3960 398 4013 indicauit
416 3960 480 4028 Eup
580 3960 641 4012 9irr
662 3963 801 4011 aetornum
821 3959 852 4012 F
941 3961 973 4013 13
991 3959 1080 4026 <snb>
1098 3957 1213 4027 pedibus
1233 3959 1302 4011 Pom

152 4050 186 4101 16
206 4048 337 4101 humanae
356 4048 576 4118 (constitutum)
593 4048 664 4100 Pam
720 4048 753 4101 19
772 4048 858 4117 ipsius
873 4049 943 4100 Pam
999 4049 1033 4101 223
1054 4046 1139 4100 cidari
1153 4047 1253 4100 nrunda
1267 4048 1304 4113 R,

151 4134 262 4187 cidarim
283 4134 410 4188 mundam
430 4136 466 4189 M
517 4137 551 4189 26
572 4136 643 4187 enim
661 4136 809 4189 nonsatis
829 4134 1185 4203 aptehicpoaioidctur;
1210 4136 1304 4202 aplius

149 4232 219 4279 corte
237 4226 269 4276 a'n
287 4224 346 4277 loco
358 4224 479 4292 gemello,
494 4225 593 4294 quippe
606 4224 655 4277 ubi
670 4225 838 4278 cretacedurrt
853 4225 950 4293 aliquo
965 4224 997 4277 de
1010 4223 1142 4277 Iosedech
1155 4224 1304 4282 sacerdote,

149 4330 221 4382 prece
241 4329 279 4365 aa
297 4312 341 4367 hic
358 4312 549 4367 iactareiderint
567 4330 617 4367 suo
636 4314 696 4367 iure
715 4314 827 4366 dubitat
846 4313 910 4381 Eup

1213 4419 1260 4469 25²
