3250 4959
299 367 342 430 40
528 362 645 428 Quinti
665 361 807 432 Septimi
826 361 998 416 Florentia
1018 362 1224 417 Tertulliani

301 558 355 640 qui
378 576 438 621 non
462 557 524 621 alia
547 557 618 641 lege
639 556 814 622 credendus
833 560 892 635 est,
918 576 1014 639 quam
1036 561 1074 621 ut
1097 558 1202 622 omnia
1223 576 1319 640 posse
1342 558 1447 622 ereda-

298 671 361 741 tur,
385 664 478 745 plane
501 663 585 746 apud
609 663 816 745 philosophos
845 663 956 740 hahes,
979 663 1035 746 qui
1060 663 1216 729 mundum
1244 664 1328 729 huno
1355 664 1448 747 (nou)

297 770 442 835 innatum
460 770 677 852 infectumque
697 769 876 835 defendant.
896 770 953 836 sed
971 771 1073 835 multo
1087 770 1215 847 melius,
1235 771 1321 854 quod
1338 789 1447 835 omues

299 874 363 940 fere
382 876 529 941 haereses
548 879 658 941 natum
678 879 710 941 et
727 876 847 941 foetum
867 876 1021 941 mundum
1040 879 1216 941 annuentes
1234 876 1446 941 conditionem

301 982 359 1048 deo
392 986 499 1047 nostro
533 982 727 1050 adscribunt.
764 982 865 1067 igitur
900 983 1021 1048 confide
1052 983 1146 1048 illum
1177 987 1281 1048 totum
1313 982 1375 1048 hoo
1411 1002 1448 1047 ox
1478 1008 1494 1049 s

300 1087 399 1153 nihilo
431 1090 606 1171 protulisse
638 1093 671 1153 et
699 1089 794 1155 deum
822 1089 907 1153 nosti
940 1089 1076 1167 fidendo,
1104 1089 1190 1171 quod
1215 1091 1342 1153 tantum
1369 1088 1448 1153 deus

300 1195 417 1259 ualeat.
450 1214 523 1260 uam
557 1199 589 1261 et
621 1196 759 1278 quidam,
791 1195 980 1260 infirmiores
1015 1196 1076 1259 hoe
1111 1195 1200 1277 prins
1238 1194 1373 1270 eredere,
1410 1193 1448 1259 de

300 1302 433 1367 materia
464 1302 572 1385 potius
602 1302 780 1368 subiacenti
807 1302 922 1366 uolunt
948 1301 1067 1366 abillo
1095 1301 1339 1367 uniuersitatem
1364 1301 1447 1365 dedi-

301 1408 403 1472 catam
429 1408 605 1473 seeundum
627 1406 847 1491 philosophos.
867 1425 959 1489 porro
978 1409 1012 1471 et
1030 1406 1057 1471 ei
1080 1406 1128 1471 itu
1148 1406 1180 1470 in
1205 1424 1282 1472 uero
1305 1406 1447 1482 haberet,

300 1530 372 1579 oum
395 1518 502 1579 tamen
529 1514 624 1597 longe
649 1514 726 1578 alies
756 1513 951 1579 substantias
979 1513 1137 1597 longeque
1165 1512 1245 1577 alias
1267 1513 1389 1597 speeies
1412 1531 1449 1577 er
1467 1541 1495 1583 ιι

299 1621 522 1688 reformatione
551 1621 701 1687 materiae
730 1621 889 1685 dioeretur
915 1620 1089 1704 protulisse
1119 1639 1214 1702 quam
1241 1620 1358 1685 fuisset
1379 1620 1451 1701 ipsa

301 1728 444 1806 materia,
473 1748 532 1794 nou
561 1728 667 1793 minus
696 1728 896 1792 defenderem
929 1746 964 1792 er
991 1726 1090 1792 nihilo
1115 1746 1187 1792 eum
1209 1726 1392 1810 protulisse,
1420 1727 1450 1792 si

300 1852 338 1899 ea
360 1835 545 1916 protulerat,
570 1853 650 1917 quae
675 1834 799 1899 omnino
823 1851 885 1898 nou
907 1834 1043 1899 fuerant
1066 1851 1128 1915 quo
1151 1832 1235 1899 enim
1258 1834 1393 1899 interest
1414 1852 1450 1897 er

301 1938 400 2003 nihilo
430 1939 507 2023 quid
533 1940 666 2024 proferri
695 1960 733 2004 an
761 1959 797 2004 er
825 1940 944 2022 aliquo,
973 1939 1048 2003 dum
1079 1940 1164 2021 quod
1195 1957 1256 2003 non
1288 1939 1352 2003 fuit
1382 1939 1449 2016 fiat,

301 2046 425 2128 quando
450 2046 547 2111 etiam
570 2066 632 2111 non
657 2046 757 2111 fuisse
782 2045 860 2109 nihil
884 2046 928 2111 sit
949 2046 1072 2111 fuisse?
1097 2046 1143 2111 eie
1167 2051 1200 2111 et
1220 2046 1322 2111 fuisse
1341 2065 1358 2111 e
1377 2064 1450 2111 oon·
1469 2073 1496 2113 rr

301 2152 396 2217 trario
421 2172 480 2218 non
500 2152 581 2217 nihil
604 2157 654 2217 est
677 2153 787 2217 fuisse.
810 2171 893 2217 nuno
913 2153 974 2217 etsi
993 2152 1136 2230 interest,
1155 2156 1260 2217 tamen
1278 2156 1450 2234 utrumque

300 2259 379 2323 mihi
403 2258 576 2343 adplaudit.
605 2260 675 2324 siue
699 2260 782 2325 enim
807 2278 844 2323 er
867 2259 967 2323 nihilo
991 2258 1070 2323 deus
1098 2259 1230 2325 molitus
1253 2262 1304 2324 est
1325 2263 1449 2337 cuneta,

300 2366 418 2449 poterit
441 2372 473 2430 et
497 2385 621 2431 earnem
644 2366 677 2430 in
702 2366 838 2429 nihilum
861 2364 1048 2447 perductam
1072 2366 1245 2448 exprimere
1272 2367 1311 2431 de
1333 2366 1448 2430 nihilo:

301 2473 371 2538 siue
386 2472 423 2537 de
439 2473 572 2537 materia
585 2472 769 2537 modulatus
784 2476 835 2537 est
848 2472 920 2546 alia,
935 2473 1054 2555 poterit
1067 2476 1099 2538 et
1113 2491 1237 2537 earnem
1248 2490 1450 2555 quorumque

303 2576 490 2644 dehaustam
513 2597 646 2644 euooare
671 2578 709 2643 do
733 2578 804 2644 alio.
829 2581 862 2643 et
883 2578 996 2660 utique
1018 2579 1152 2643 idoneus
1176 2582 1228 2643 est
1248 2578 1374 2643 reficere
1394 2578 1450 2661 qui
1466 2602 1495 2644 ιι

301 2685 390 2750 feeit:
403 2690 519 2768 quanto
530 2688 604 2767 plus
616 2689 666 2750 est
676 2685 791 2750 fecisse
803 2704 898 2767 quam
907 2685 1068 2763 refecisse,
1077 2685 1206 2751 initium
1216 2685 1343 2750 dedisse
1353 2704 1447 2767 quam

300 2790 486 2868 reddidisse,
498 2792 543 2855 ita
557 2792 793 2857 restitutionem
808 2792 911 2857 carnis
920 2792 1096 2857 faciliorem
1112 2791 1221 2856 eredas
1235 2791 1448 2856 institutione.

349 2900 398 2961 12.
417 2898 532 2979 Aspice
556 2916 639 2962 nune
659 2898 698 2962 ad
720 2898 791 2980 ipsa
815 2916 942 2981 quoque
961 2898 1103 2981 exempla
1121 2898 1247 2962 diuinae
1271 2898 1449 2981 potestatis.

302 3004 370 3068 dies
402 3005 537 3068 moritur
567 3004 599 3069 iu
632 3008 758 3069 noctem
791 3010 824 3069 et
855 3006 994 3071 tenebris
1025 3022 1252 3088 usquequaque
1284 3005 1448 3086 sepelitur.

303 3111 483 3176 dunestatur
505 3110 616 3175 mundi
643 3111 752 3188 honor,
777 3111 880 3177 omnis
905 3111 1087 3175 substantia
1104 3110 1297 3193 denigratur.
1321 3109 1495 3179 sordentes

302 3216 398 3279 silent
434 3221 565 3299 stupent
596 3222 719 3297 cuncta,
754 3216 873 3299 ubique
911 3217 1072 3281 iustitium
1102 3218 1162 3279 est.
1200 3211 1302 3300 [quies
1329 3212 1447 3300 rerum]

302 3322 348 3386 ita
371 3322 424 3386 lur
449 3324 566 3387 amissa
594 3324 732 3408 lugetur.
761 3325 794 3386 et
816 3327 921 3387 tamen
944 3341 1054 3387 rursus
1078 3340 1152 3387 oum
1180 3340 1239 3387 suo
1263 3322 1353 3387 cultu
1376 3339 1449 3385 eum

302 3430 324 3513 †
352 3428 425 3493 dote
458 3448 530 3493 cum
564 3430 631 3495 sole
671 3428 780 3492 eadem
818 3433 850 3491 et
881 3429 1005 3512 integra
1037 3432 1069 3492 et
1099 3431 1168 3493 tota
1200 3429 1348 3493 uniuerso
1382 3426 1449 3491 orbi

340 3635 519 3690 leredatur?
537 3636 616 3705 plene
636 3634 718 3705 uulqo
768 3634 854 3687 2norr
873 3634 974 3688 addidi
1023 3636 1166 3689 'fcredere
1180 3652 1231 3690 om.
1245 3635 1276 3689 F
1344 3633 1377 3688 de
1391 3650 1448 3688 ma-

302 3724 373 3778 teria
389 3724 442 3792 <de
462 3724 595 3791 materia>
611 3725 702 3793 potius
725 3723 854 3777 Oelrlerur
903 3724 919 3777 9
938 3723 1053 3777 heberet
1069 3725 1181 3793 scripsi:
1199 3723 1345 3778 haberetur
1362 3722 1454 3777 PMF

304 3815 447 3867 letamen
467 3812 561 3879 PMF,
582 3818 638 3865 tam
658 3812 685 3867 If
744 3814 775 3865 13
794 3810 885 3866 fuerat
901 3812 938 3865 Μ
956 3813 983 3881 (u
1002 3830 1023 3868 a.
1042 3814 1082 3879 ιι.)
1142 3816 1175 3867 15
1195 3813 1362 3868 econtrario
1383 3816 1448 3877 (ee.

302 3902 342 3972 ιι.)
365 3901 402 3953 Μ
455 3901 487 3955 17
508 3900 576 3954 nihil
597 3900 739 3970 adplaudit
757 3900 787 3954 F
851 3902 883 3954 18
902 3901 1060 3969 perductam
1078 3901 1146 3956 Ura:
1169 3902 1328 3971 productam
1352 3902 1450 3969 PMF,

302 3989 459 4060 prodactam
482 3988 612 4043 Oehlerus
669 3991 700 4044 19
720 3986 876 4042 modulatus
895 3988 1006 4058 Fauno
1019 3993 1063 4056 (ex
1078 3990 1288 4060 Hirrauqiete)
1302 3990 1374 4060 Bmp
1384 3990 1450 4045 Get:

302 4076 457 4131 moderatus
473 4077 535 4130 PM
587 4077 667 4131 aliem
683 4078 754 4147 qu
807 4080 840 4131 21
857 4078 937 4131 feeit:
952 4082 1055 4147 quanto
1070 4079 1147 4148 Erip:
1161 4079 1235 4147 fecit,
1250 4083 1351 4148 quanto
1366 4080 1449 4148 ιιιιῑφο

302 4167 336 4219 22
361 4163 520 4233 reddidisse,
539 4166 580 4219 ito
598 4166 676 4234 Eup:
698 4164 858 4219 reddidisse.
878 4167 918 4218 ita
935 4167 1021 4235 uulqo
1074 4168 1109 4220 24
1128 4184 1213 4236 usque
1233 4183 1339 4235 quaque
1356 4168 1451 4235 (priore

303 4272 355 4325 que
369 4270 391 4307 a.
407 4270 434 4308 ιι.
450 4272 468 4307 ιι
482 4272 515 4309 ιιι.
532 4256 561 4326 2)
576 4256 613 4308 M
665 4258 699 4308 25
715 4256 787 4309 omni
801 4254 922 4324 P(corr.
937 4256 975 4322 R)
1028 4256 1063 4311 26
1079 4256 1156 4323 quies
1170 4272 1257 4309 rerum
1271 4255 1384 4310 seclusit
1395 4256 1451 4325 1119
