3250 4959
333 378 399 442 516
563 375 678 442 Quinti
699 375 840 446 Septimi
858 375 1029 430 Plorantis
1047 374 1252 430 Tertulliani

331 570 505 661 ingerebat,
530 574 566 636 ut
594 589 736 648 saeuum,
762 589 837 654 erga
864 589 959 652 quem
988 569 1205 653 delinquentes
1234 575 1316 634 ‘uae’
1339 571 1473 636 habituri

331 681 460 742 essent!
473 681 506 742 et
525 678 596 760 quis
616 696 750 742 saeuum
768 695 829 742 uon
847 677 956 758 potius
974 677 1102 742 timeret
1119 695 1290 760 prouocare
1305 677 1472 743 deficiendo

332 782 370 848 ab
386 788 443 850 eol
463 787 552 850 tanto
571 782 674 867 magis
695 802 768 867 ergo
789 783 1014 849 demerendum
1034 784 1168 850 docebat
1186 803 1279 866 quem
1300 785 1471 850 timendum

330 891 502 973 ingerebat.
528 891 575 956 sic
599 890 766 971 oportebat
790 889 952 956 Christum
977 890 1140 956 creatoris.

376 999 430 1062 28.
457 997 572 1062 Merito
600 997 708 1079 itaque
732 1015 793 1061 uon
822 996 929 1079 placet
949 997 999 1062 illi
1021 997 1200 1080 hypocrisis
1223 997 1471 1074 Pharisaeorum,
1496 1019 1510 1059 s

329 1103 423 1168 labiis
448 1103 571 1170 scilicet
593 1103 768 1168 amantium
792 1103 898 1184 deum,
917 1123 980 1170 uon
999 1104 1103 1170 corde.
1128 1109 1268 1184 cauete,
1291 1105 1397 1187 inquit
1415 1105 1472 1170 dis·

330 1210 456 1292 cipalis,
476 1228 494 1275 a
511 1209 696 1276 fermento
720 1209 1024 1289 Pharisaeorum,
1045 1209 1142 1292 quod
1165 1215 1224 1276 est
1245 1211 1470 1296 hypocrisis,

328 1334 389 1380 nou
413 1316 605 1400 praedicatio
634 1317 793 1382 creatoris.
827 1315 895 1382 odit
926 1320 1129 1384 contumaces
1156 1315 1257 1400 patris
1283 1317 1382 1394 tilius,
1413 1337 1470 1383 non

328 1423 402 1488 uult
421 1442 496 1489 suos
515 1423 596 1489 tales
616 1424 749 1489 existere
767 1423 800 1487 in
819 1421 924 1502 illum,
948 1459 991 1471 -
1010 1443 1071 1490 non
1090 1425 1123 1488 in
1141 1424 1239 1488 alium
1263 1461 1306 1470 —
1330 1425 1363 1489 in
1382 1443 1470 1509 quem

328 1529 505 1612 hypocrisis
529 1530 592 1594 fuit
615 1533 647 1594 et
670 1529 820 1605 admissa,
845 1530 936 1594 cuius
960 1530 1139 1612 exemplum
1161 1529 1367 1614 adiscipulis
1386 1549 1470 1596 caue
1488 1551 1511 1591 ro

327 1639 425 1700 retur.
443 1636 489 1700 ita
502 1635 743 1702 Pharisaeorum
763 1635 870 1718 (cum)
887 1637 1036 1720 prohibet
1053 1638 1243 1718 exemplum,
1261 1637 1294 1702 in
1313 1655 1388 1702 eum
1406 1657 1470 1722 pro·

327 1742 457 1808 bibebat
484 1743 566 1808 illud
594 1742 732 1820 admitti,
756 1741 788 1808 in
819 1761 914 1825 quem
943 1743 1152 1808 admittebant
1174 1743 1347 1808 Pharisaei.
1376 1743 1470 1828 igitur

327 1849 476 1931 quoniam
504 1849 685 1932 hypocrisin
716 1869 825 1915 corum
852 1853 984 1927 taxarat,
1017 1849 1128 1932 utique
1160 1849 1315 1914 celantem
1348 1850 1470 1914 occulta

326 1956 430 2022 cordis
463 1960 496 2022 et
522 1956 756 2021 incredulitatis
785 1959 909 2022 secreta
935 1955 1188 2039 superficialibus
1215 1955 1330 2021 officiis
1363 1957 1468 2021 obum-

324 2062 478 2140 brantem,
488 2081 568 2146 quae
579 2065 700 2128 clauem
711 2063 884 2147 agnitionis
900 2062 1020 2128 habens
1033 2083 1092 2128 uec
1105 2059 1160 2150 [in]
1175 2064 1246 2145 ipsa
1258 2063 1404 2129 introiret
1416 2082 1469 2128 neo
1485 2081 1508 2122 re

325 2169 405 2234 alios
425 2169 552 2246 sineret,
577 2169 649 2234 ideo
669 2169 779 2236 adicit:
803 2169 900 2234 nihil
924 2174 1051 2234 autem
1074 2173 1255 2254 opertum,
1280 2169 1379 2252 quod
1401 2189 1468 2234 non

325 2275 496 2358 patefiet,
512 2279 548 2342 et
567 2275 662 2340 nihil
682 2274 960 2354 absconditum,
976 2275 1075 2358 quod
1092 2295 1163 2341 uon
1183 2276 1413 2354 dinoscetur,
1432 2295 1468 2340 ne

325 2383 395 2464 quis
416 2383 574 2447 existimet
591 2382 683 2447 illum
703 2382 755 2447 dei
773 2383 876 2467 ignoti
894 2387 977 2448 retro
997 2387 1030 2447 et
1052 2382 1171 2448 occulti
1192 2381 1420 2448 reuelationem
1439 2387 1470 2446 et

323 2489 558 2574 adagnitionem
569 2490 732 2566 intentare,
743 2508 816 2553 oum
827 2489 967 2554 subiciat
976 2491 1082 2570 etiam,
1092 2508 1171 2572 quae
1180 2489 1264 2554 intra
1273 2507 1307 2554 se
1322 2489 1469 2554 mussita-

322 2601 393 2662 rent
411 2597 463 2660 uel
480 2596 563 2660 inter
581 2615 615 2661 se
634 2599 806 2662 tractarent
825 2633 869 2643 —-
888 2597 1012 2662 scilicet
1034 2614 1129 2680 super
1146 2597 1216 2680 ipso
1236 2595 1390 2662 diceutes:
1411 2596 1468 2660 hic
1485 2614 1511 2654 n

323 2722 396 2770 non
421 2703 582 2786 expellit
605 2701 800 2770 daemonia
824 2704 898 2769 nisi
920 2704 956 2768 iu
979 2703 1185 2770 Belzebule
1207 2739 1251 2750 -
1272 2705 1306 2768 in
1325 2707 1470 2787 apertum

322 2829 510 2896 processura
534 2809 619 2874 etin
645 2828 697 2874 ore
721 2810 887 2874 hominum
910 2809 1028 2887 futura,
1052 2829 1089 2875 ex
1111 2808 1269 2894 euangelii
1286 2809 1469 2896 promulga-

321 2918 417 2984 tione.
477 2916 598 2982 Deinde
622 2935 795 2981 conuersus
819 2917 859 2981 ad
882 2917 1073 2999 discipulos:
1094 2916 1176 2982 dico
1201 2920 1336 2994 autem,
1355 2917 1469 2999 inquit,

320 3023 432 3090 uobis
452 3024 599 3088 amicis:
619 3023 740 3088 nolite
760 3023 958 3088 terroriab
978 3023 1044 3101 eis,
1065 3023 1213 3105 quinos
1233 3022 1468 3088 solummodo

322 3131 496 3197 occidere
518 3135 681 3213 possunt
704 3149 770 3194 uec
794 3134 883 3212 post
905 3129 975 3194 hoc
997 3131 1114 3195 ullam
1136 3129 1173 3193 in
1196 3129 1305 3194 uobis
1329 3128 1468 3195 babent
1484 3147 1509 3190 a

320 3239 567 3321 potestatem
598 3273 640 3284 —
665 3236 721 3300 sed
744 3237 794 3300 his
820 3236 880 3300 erit
901 3237 1012 3302 Esaias
1034 3236 1232 3318 praedicens:
1261 3237 1359 3314 uide,
1384 3256 1467 3320 quo·

409 3361 436 3428 6]
454 3359 486 3414 ct.
500 3358 546 3412 Es.
561 3359 604 3428 29,
620 3359 662 3413 13,
700 3357 765 3413 Luc.
786 3357 828 3417 12,
849 3359 873 3411 1.
913 3358 957 3426 15]
973 3357 1006 3412 ci.
1021 3359 1086 3412 Luc.
1102 3359 1144 3428 11,
1159 3359 1203 3412 b‘2.
1241 3359 1286 3427 lo]
1301 3357 1366 3412 Luc.
1383 3360 1426 3419 12.
1441 3359 1466 3413 2.

320 3447 650 3518 19-231cl.huc.12,3.
688 3445 965 3516 comesturam.
1003 3449 1049 3516 231
1064 3447 1129 3502 Luc.
1144 3448 1187 3510 12,
1200 3449 1226 3500 4.
1263 3447 1309 3516 26]
1321 3447 1366 3502 Es.
1382 3449 1425 3506 57.
1443 3450 1465 3502 l.

355 3556 371 3608 2
387 3555 446 3623 quis
461 3553 496 3615 R,
511 3555 574 3622 quia
589 3553 654 3607 ΜΕ
725 3553 875 3607 deficiendo
889 3553 926 3611 R.
941 3551 1115 3622 despiciendo
1127 3553 1197 3616 ΜΓ,
1212 3551 1386 3612 desciscendo
1394 3555 1467 3622 sort

319 3647 334 3697 5
353 3643 445 3712 placet
463 3641 504 3704 Μ,
524 3642 650 3711 placebat
667 3643 789 3712 Ruulyo
841 3642 874 3695 10
893 3643 948 3695 luit
967 3646 994 3695 et
1010 3642 1123 3709 scripsi:
1140 3641 1238 3696 fuisset
1255 3640 1318 3694 MR
1389 3644 1466 3696 cuius

317 3732 375 3786 scil.
390 3731 562 3802 lrypocrr'seoe
599 3731 630 3785 11
647 3749 707 3785 curu
723 3731 824 3786 addidi
868 3729 1079 3801 prohibetMF,
1093 3729 1259 3800 perhibetR
1305 3730 1465 3800 exemplum.
1530 3795 1537 3806 Ι

316 3822 344 3874 in
363 3822 447 3889 urclpc
515 3820 549 3874 14
568 3819 782 3889 superficialibus
796 3817 845 3884 R',
864 3819 999 3890 superficii
1018 3819 1120 3874 talibus
1133 3818 1207 3873 MR¹
1267 3821 1300 3872 15
1318 3820 1380 3890 ipsa
1392 3819 1464 3873 Ian:

316 3907 488 3978 inipsadIR
525 3909 558 3962 17
573 3908 728 3963 dinoscetur
741 3907 777 3977 R,
789 3908 974 3963 dinosceretur
984 3907 1045 3963 ΜΓ
1080 3910 1112 3962 19
1127 3907 1343 3978 intemptaredi
1392 3908 1466 3962 iutra

315 3999 394 4068 Eup:
412 3999 483 4054 iuter
496 3998 557 4050 Mle
611 3998 773 4052 inusitarcnt
787 3997 824 4050 Μ
858 3997 893 4050 20
911 3998 983 4051 inter
1001 4015 1030 4050 se
1048 4001 1200 4052 tractarent
1212 3997 1255 4064 Μ,
1273 4001 1423 4050 tractarent
1436 3995 1465 4051 R

316 4087 399 4154 culpo
472 4087 503 4138 21
526 4085 671 4139 Belzebule
690 4085 726 4152 R,
745 4085 914 4140 belzebulem
932 4085 975 4152 M,
994 4085 1147 4140 Beelzebub
1169 4084 1299 4140 Oebleraa
1379 4085 1413 4138 22
1434 4102 1464 4138 er

315 4173 426 4242 MGR³‚
447 4171 527 4229 erle
581 4175 615 4227 23
636 4173 793 4241 deluderis,
813 4173 1045 4244 dehincRualpo
1101 4175 1136 4226 24
1155 4174 1248 4227 amicis
1265 4173 1333 4226 meis
1351 4173 1386 4226 N
1390 4173 1464 4226 Pam

315 4263 349 4316 26
365 4263 546 4330 potentiorem
565 4261 692 4316 indicaui
764 4263 805 4315 bis
824 4261 866 4330 Μ,
886 4263 939 4316 hiis
958 4265 993 4332 R,
1012 4264 1046 4316 iis
1068 4262 1120 4316 Gel
1138 4263 1237 4332 reliqui
