3250 4959
388 358 423 412 ll.
443 359 489 412 De
510 357 625 412 Carnis
645 359 904 412 Resurrectione
924 359 1038 413 61-63,
1227 361 1289 422 125

133 574 194 618 suo
223 553 340 636 spiritu
364 554 395 618 in
421 573 544 619 ornnem
570 571 705 631 caruem,
734 552 765 616 in
795 572 905 618 seruos
933 572 1009 617 suos
1034 556 1065 616 et
1089 554 1230 630 ancillas,
1260 558 1291 618 et

133 659 234 723 fidem
263 659 460 724 laborantem
488 658 727 723 resurrectionis
756 659 889 722 carnalis
918 659 1072 723 auimauit
1099 663 1131 723 et
1158 659 1291 740 pristina

133 767 352 830 iustrumenta
384 764 562 829 manifestis
595 764 763 828 uerborum
797 770 829 828 et
861 783 1012 829 sensuum
1044 765 1218 829 luminibus
1251 765 1289 829 ab

135 871 225 935 omui
260 870 479 955 ambiguitatis
514 871 707 935 obscuritate
739 871 897 954 purgauit.
933 891 1006 935 nam
1040 871 1114 954 quia
1144 871 1290 936 haereses

104 997 208 1042 sesse
248 981 442 1060 oportuerat,
475 983 512 1042 ut
543 976 722 1060 probabiles
761 979 879 1060 quique
912 978 1198 1055 manifestarentur,
1230 979 1290 1042 bae

135 1088 247 1148 autern
280 1085 348 1149 siue
377 1085 538 1166 aliquibus
567 1083 787 1148 occasionibus
822 1083 1049 1167 scripturarum
1082 1085 1197 1149 audere
1228 1104 1289 1150 uon

133 1194 295 1272 poteraut,
324 1191 442 1256 idcirco
469 1191 603 1273 pristina
626 1191 839 1254 instrumenta
867 1190 1018 1272 quasdam
1047 1193 1197 1256 materias
1224 1191 1290 1255 illis

134 1296 291 1361 uidentur
309 1297 579 1375 subministrasse,
601 1301 632 1361 et
650 1297 737 1380 ipsas
758 1296 885 1378 quidem
905 1297 1006 1362 isdem
1021 1297 1137 1362 litteris
1157 1298 1290 1363 reuinci·

135 1403 261 1469 cibiles.
288 1403 345 1468 sed
369 1404 517 1487 quoniam
541 1423 597 1468 nec
622 1402 824 1467 dissimulare
853 1403 999 1486 spiritum
1025 1407 1171 1468 sanctum
1199 1423 1289 1486 opor-

94 1537 116 1572 ιο
135 1510 235 1586 lebat,
267 1509 438 1591 quominus
468 1514 500 1573 et
527 1509 713 1574 huiusmodi
741 1508 876 1591 eloquiis
905 1509 1177 1592 superinundaret,
1210 1530 1289 1592 quae

134 1615 234 1679 nullis
261 1615 495 1680 haereticorum
524 1615 676 1679 uersutiis
706 1615 829 1679 semina
852 1617 1108 1699 subspargerent,
1136 1617 1232 1680 immo
1257 1620 1289 1680 et

138 1725 264 1786 ueteres
300 1741 408 1787 eorum
443 1722 580 1803 cespites
614 1721 778 1798 uellerent,
817 1721 934 1785 idcirco
967 1723 1031 1786 iarn
1064 1742 1173 1787 omues
1205 1725 1288 1787 retro

136 1827 368 1912 ambiguitates
393 1832 425 1892 et
448 1848 525 1910 quas
550 1830 663 1892 uolunt
685 1828 850 1910 parabolas
874 1831 982 1911 aperta
1004 1833 1099 1911 atque
1122 1829 1290 1912 perspicua

136 1935 238 1998 totius
268 1935 458 1999 sacramenti
485 1934 718 2017 praedicatione
748 1933 902 1999 discussit
929 1954 984 2017 per
1010 1955 1125 2000 nouam
1157 1933 1288 2018 prophe·

98 2067 118 2102 rs
136 2039 213 2104 tiam
235 2041 275 2104 de
294 2040 453 2123 paracleto
471 2040 688 2104 inundantem.
709 2041 800 2104 cuius
821 2041 849 2104 si
867 2039 1011 2105 hauseris
1030 2044 1144 2119 tontes,
1167 2041 1287 2104 nullam

136 2147 257 2228 poteris
284 2147 372 2212 sitire
397 2147 582 2223 doctrinam,
611 2147 720 2210 nullus
744 2152 776 2210 te
800 2146 891 2211 ardor
915 2151 1023 2211 exuret
1050 2146 1285 2229 quaestionum:

136 2253 402 2318 resurrectionem
422 2272 547 2336 quoque
563 2253 665 2318 carnis
681 2272 910 2335 usquequaque
924 2253 1060 2335 potando
1075 2253 1286 2337 refrigerabis.

223 2446 253 2514 4]
276 2443 310 2499 cf.
330 2445 344 2500 1
363 2443 424 2499 Cor.
444 2445 485 2506 11,
507 2445 548 2499 ld.

171 2569 187 2621 5
210 2566 453 2621 manifestarentur
479 2567 544 2622 Ger:
571 2567 782 2622 manifestantur
808 2567 900 2622 PMF
952 2569 967 2621 7
994 2569 1070 2631 illis,
1095 2567 1225 2620 uidentur
1250 2567 1286 2627 B,

139 2654 266 2708 uidentur
290 2655 381 2708 PMF
438 2658 454 2710 9
477 2656 592 2710 necdum
618 2655 669 2710 Gal
726 2658 757 2709 17
782 2657 985 2726 refrigeraberis
1008 2657 1167 2724 Leopoldus
1238 2655 1286 2708 DE

139 2740 269 2798 clunis
289 2743 590 2800 RESVRREOTIONE
609 2743 778 2799 EXPLICIT
798 2746 866 2812 PM,
890 2746 1008 2816 Explicit
1031 2744 1064 2798 de
1088 2747 1175 2800 carnis
1197 2760 1287 2797 resur-

139 2831 255 2886 rectione
275 2832 306 2886 F
