3250 4959
320 386 383 451 156
440 379 443 387 ’
547 383 663 451 Quinti
682 384 822 456 Septimi
840 385 1008 441 Florentio
1028 385 1232 439 Tertulliani

317 578 402 643 nuda
424 579 556 645 materia
580 579 637 644 deo
662 580 857 659 subiacebat
887 580 977 645 nullo
1002 581 1127 645 scilicet
1155 581 1311 646 elemento
1342 580 1476 645 obstru-

286 696 290 701 ’
318 690 400 762 ente,
425 687 581 769 siquidem
605 686 745 751 noudum
766 688 938 770 quicquam
957 692 1024 751 erat
1043 690 1165 769 praeter
1183 687 1286 769 ipsam
1306 691 1339 752 et
1358 686 1472 754 deum.

316 791 429 874 utique
455 794 628 860 inuisibilis
657 813 728 859 esse
756 813 818 860 nou
847 797 981 877 poterat,
1011 795 1086 878 quia
1114 794 1175 859 etsi
1203 794 1349 866 tenebras
1377 795 1472 858 uolet

315 898 348 961 iu
371 900 551 965 substantia
572 901 673 967 fuisse
698 902 859 981 materiae,
891 903 1099 967 ouiarticulo
1124 901 1311 983 respondere
1336 901 1468 967 debebi-

316 1026 390 1072 mus
413 1026 471 1073 suo
496 1008 614 1085 ordine,
638 1008 735 1073 etiam
759 1008 881 1073 homiui
900 1009 1045 1073 tenebrae
1070 1007 1214 1072 uisibiles
1235 1013 1320 1086 sunt,
1341 1008 1467 1073 —boc
1504 1032 1519 1071 a

317 1113 401 1181 euim
426 1114 544 1197 ipsum,
574 1114 658 1197 quod
687 1118 763 1180 suut
789 1115 948 1192 tenebrae,
977 1114 1171 1179 uidetur-
1195 1114 1311 1179 nedum
1336 1113 1404 1180 deo.
1430 1118 1465 1179 et

315 1219 490 1302 utique‚·si
513 1221 688 1287 inuisibilis
713 1226 809 1297 esset,
834 1222 921 1286 nullo
942 1221 1035 1285 modo
1056 1224 1302 1305 cognosceretur
1325 1221 1462 1304 qualitas

316 1326 394 1391 eius.
419 1327 502 1393 unde
525 1345 600 1412 ergo
624 1333 807 1412 compertus
832 1332 881 1394 est
904 1328 1121 1413 Hermogenes
1142 1327 1308 1392 informem
1334 1334 1367 1392 et
1391 1346 1460 1393 cou-

315 1433 420 1499 fusam
444 1437 477 1499 et
498 1434 673 1518 inquietam
700 1436 790 1501 illam
815 1435 926 1513 fuisse,
951 1454 1030 1518 quae
1054 1438 1091 1499 ut
1118 1434 1291 1500 inuisibilis
1319 1435 1458 1501 latebat?

314 1544 372 1605 aut
390 1542 418 1605 si
436 1541 498 1608 hoe
517 1563 535 1607 a
554 1542 612 1608 deo
631 1542 807 1607 reuelatum
830 1547 888 1619 est,
912 1541 1044 1625 probare
1065 1542 1168 1607 debet.
1193 1542 1239 1605 sic
1259 1546 1291 1606 et
1310 1560 1350 1605 au
1373 1540 1458 1605 rudis
1481 1568 1509 1606 ro

313 1646 377 1711 diei
393 1648 544 1731 potuerit,
564 1650 738 1733 expostulo.
763 1652 846 1714 certe
866 1649 950 1713 euim
970 1647 1047 1712 rude
1064 1647 1146 1712 illud
1165 1653 1224 1723 est,
1244 1647 1328 1729 quod
1348 1648 1459 1731 imper·

312 1754 433 1819 fectum
470 1759 529 1821 est.
568 1760 652 1823 certe
689 1756 911 1839 imperfectum
944 1775 1002 1820 non
1035 1760 1143 1838 potest
1176 1774 1246 1821 esse
1280 1756 1343 1819 uisi
1376 1754 1458 1837 quod

312 1858 432 1926 factum
475 1866 538 1940 est;
580 1862 664 1946 quod
703 1862 786 1927 enim
829 1862 934 1927 minus
976 1863 1095 1927 factum
1139 1865 1196 1941 est,
1237 1861 1458 1944 imperfectum

311 1966 405 2051 (est.)
441 1974 535 2049 certe,
568 1970 684 2052 inquis.
719 1988 792 2054 ergo
826 1969 968 2046 materia,
1003 1987 1083 2052 quae
1116 1968 1199 2034 facta
1234 1986 1294 2032 nou
1328 1972 1396 2033 erat
1426 1967 1457 2031 iu

310 2076 426 2152 totum,
450 2075 635 2157 imperfecta
658 2096 728 2141 esse
751 2095 812 2141 non
842 2077 960 2160 potuit;
991 2094 1070 2158 quaa
1094 2075 1279 2157 imperfecta
1302 2093 1363 2139 uon
1388 2074 1457 2146 fuit,
1477 2100 1502 2139 u

312 2179 408 2244 etiam
438 2181 528 2245 rudis
561 2200 622 2246 nou
654 2183 725 2247 fuit.
757 2181 885 2247 initium
918 2199 978 2245 nou
1012 2181 1141 2257 liabens,
1175 2180 1248 2262 quia
1281 2179 1365 2245 facta
1397 2200 1456 2245 non

309 2284 381 2363 fuit,
400 2287 503 2351 caruit
521 2292 552 2353 et
570 2288 758 2353 rudimento.
779 2288 862 2353 initii
881 2288 964 2352 euim
989 2286 1134 2352 accidens
1160 2290 1209 2351 est
1231 2285 1456 2350 rudimentum.

310 2394 394 2456 terra
415 2410 502 2467 uero,
527 2412 608 2474 quae
635 2394 721 2459 facta
748 2397 807 2471 est,
832 2393 948 2458 meruit
971 2397 1004 2457 et
1027 2392 1114 2457 rudis
1144 2391 1216 2457 dici.
1241 2392 1349 2456 statim
1375 2393 1455 2456 enim

309 2501 347 2562 ut
377 2498 461 2563 factu
492 2503 532 2577 st,
570 2500 684 2565 babuit
719 2500 923 2583 imperfectae
956 2500 1072 2575 locum,
1111 2503 1182 2564 ante
1219 2498 1455 2582 perfectionem,

310 2602 362 2667 29.
396 2604 553 2687 siquidem
587 2606 692 2671 omnia
726 2624 820 2689 opera
854 2624 912 2671 sua
945 2606 1024 2669 deus
1053 2605 1297 2681 consummauit‚
1326 2604 1454 2670 incultis
1474 2638 1499 2677 aa

308 2709 410 2793 primo
434 2710 599 2777 elementis
625 2711 774 2795 depalans
794 2711 1026 2796 quodammodo
1047 2711 1210 2780 muudum.
1235 2710 1348 2778 dehinc
1372 2730 1452 2776 exor-

307 2818 390 2883 natis
413 2819 505 2884 uelut
528 2820 684 2885 dedicans.
709 2826 833 2886 namet
855 2822 961 2885 lumen
983 2839 1043 2884 non
1063 2820 1171 2884 statim
1192 2818 1358 2903 splendore
1377 2818 1451 2883 solis

307 2922 465 3005 impleuit,
494 2929 527 2991 et
548 2926 694 2992 tenebras
718 2946 779 2992 uon
804 2928 913 2991 statim
939 2926 1052 2991 solatio
1077 2927 1170 2990 lunae
1193 2924 1395 3007 temperuuit
1422 2928 1452 2988 et

308 3030 431 3096 caelum
455 3052 515 3097 nou
540 3032 650 3099 statim
674 3034 832 3099 sideribus
853 3033 1019 3116 stellisque
1039 3030 1190 3117 signauit,
1215 3036 1247 3096 et
1270 3032 1369 3096 muria
1392 3050 1450 3095 nou

307 3137 415 3201 statim
442 3139 546 3205 beluis
569 3140 795 3223 frequentauit,
824 3152 856 3204 et
878 3140 980 3221 ipsam
1004 3142 1120 3203 terram
1145 3157 1206 3203 nou
1231 3138 1342 3203 statim
1364 3136 1449 3202 uaria
1466 3170 1494 3211 ᾗ

307 3240 501 3308 fecunditate
531 3244 668 3321 dotauit3
700 3245 755 3310 sed
784 3246 885 3329 primo
915 3262 985 3309 esse
1019 3245 1046 3308 ei
1075 3242 1220 3319 contulit,
1250 3242 1362 3307 debinc
1390 3260 1448 3307 uon

304 3350 336 3413 iu
355 3368 494 3416 uacuum
509 3370 580 3417 esse
596 3352 766 3436 suppleuit.
786 3352 832 3416 sic
848 3352 930 3417 enim
946 3356 978 3415 et
992 3352 1115 3416 Esaias:
1136 3370 1204 3417 uon
1224 3350 1260 3415 in
1279 3368 1447 3425 uacuum,

306 3456 361 3532 ait,
392 3456 497 3522 feeit
518 3458 647 3534 illam,
673 3458 745 3523 sed
765 3458 1004 3524 inhabitari.
1029 3461 1140 3542 postea
1159 3476 1232 3541 ergo
1253 3457 1448 3540 quemfacta

305 3566 364 3643 est,
393 3564 500 3629 futura
529 3566 625 3629 etiam
653 3566 802 3649 perfecta,
832 3564 956 3630 interim
986 3568 1053 3629 erat
1078 3564 1252 3629 inuisibilis
1286 3568 1318 3628 et
1349 3562 1447 3635 rudis,

391 3789 627 3859 mmmm

341 3914 353 3966 l
378 3915 493 3969 materia
510 3915 546 3983 R,
569 3917 607 3970 sit
628 3917 744 3971 materia
760 3915 854 3983 PNF,
877 3917 916 3970 sic
938 3916 1051 3971 materia
1073 3914 1131 3969 Iun
1158 3913 1287 3969 molam
1341 3910 1447 3983 tquod

302 4004 367 4055 suut
384 4018 435 4057 oar.
455 4002 485 4056 F
554 4003 663 4059 uidetur
685 4004 751 4060 irre:
769 4003 998 4059 uidenturPNF
1048 4002 1235 4073 9iuquietam
1249 4001 1339 4067 PNF,
1360 4002 1447 4057 incon-

300 4089 385 4144 ditum
403 4091 484 4149 Pom.
502 4092 631 4148 incultam
645 4095 704 4149 Iun
759 4096 793 4150 13
810 4094 997 4164 imperfectum
1013 4094 1092 4163 <est>
1105 4092 1140 4157 R,
1158 4090 1346 4163 imperfectum
1365 4089 1450 4147 PNF

300 4178 337 4234 20
362 4181 436 4236 aab
461 4182 512 4237 boc
539 4183 597 4237 loco
626 4182 836 4253 dmtnpuuutur
862 4184 956 4251 cupito
1020 4184 1054 4236 22
1081 4182 1172 4237 lumen
1200 4180 1264 4247 ΡΝ,
1291 4178 1393 4235 lumine
1419 4178 1449 4232 F
1484 4232 1488 4237 .

300 4268 335 4322 24
353 4270 438 4324 maria
456 4271 504 4338 ill,
522 4274 664 4327 materiam
683 4272 807 4328 PNFR¹
861 4272 895 4327 29
916 4272 1034 4343 perfecta
1052 4270 1114 4339 ΡΝ,
1134 4270 1285 4341 perfectum
1304 4268 1335 4323 F
