3250 4959
388 421 438 474 Ill.
460 421 627 475 Aduersus
647 419 882 489 Hermogenem
906 421 1017 475 18-19.
1213 425 1278 490 147

124 612 226 676 tuisse
249 612 342 694 quasi
365 611 604 677 substantiarum
629 616 661 677 et
685 613 917 696 corpulentum,
947 615 1031 695 qnod
1054 615 1084 679 in
1111 617 1275 683 materiam

125 718 323 800 interpretari
343 719 453 802 possit.
478 739 535 798 nos
556 725 661 783 sutem
683 721 855 804 unicuique
875 721 1032 786 uocabulo
1052 723 1275 806 proprietatem

126 843 197 889 cnm
222 825 434 904 dimicamus,
450 849 473 894 a
494 825 684 908 principium
709 827 836 890 initium
861 846 932 891 esse
956 831 989 892 et
1016 829 1277 911 competisse-ita

126 931 198 1012 poni
225 931 321 996 rcbus
349 931 574 1015 incipientibus
603 931 681 996 fieri.
715 933 793 996 nibil
828 934 923 1011 enim,
957 933 1039 1014 quod
1068 933 1136 998 fieri
1168 935 1274 1006 habet,

97 1037 190 1102 asine
213 1038 307 1102 initio
332 1055 413 1116 csse,
438 1039 522 1122 quod
540 1039 667 1103 initium
691 1039 735 1104 sit
753 1040 801 1103 illi
821 1040 939 1122 ipsum,
963 1041 1039 1104 dum
1063 1041 1175 1124 incipit
1198 1041 1275 1108 fieri.

125 1145 168 1208 ita
189 1145 383 1227 principium
408 1147 477 1212 siue
500 1146 627 1210 initium
651 1146 842 1228 inceptionis
867 1165 938 1212 esse
961 1147 1106 1223 uerbum,
1136 1167 1196 1212 non
1221 1150 1276 1214 ali·

126 1252 215 1315 cuius
245 1251 443 1316 substantiae
471 1271 594 1318 nomen.
623 1253 685 1316 iam
715 1271 808 1329 nunc,
833 1253 861 1316 ei
885 1253 1071 1335 principalia
1104 1253 1154 1317 dai
1183 1274 1277 1344 opera

125 1358 247 1422 caelum
282 1361 314 1422 et
344 1361 427 1422 terra
455 1363 539 1442 sunt,
573 1377 652 1442 quae
681 1361 751 1423 aute
780 1358 886 1424 omnia
918 1357 997 1423 deus
1026 1384 1077 1430 ss
1102 1359 1275 1446 iecit-suo·

125 1485 191 1528 mm
220 1483 293 1530 esse
320 1465 445 1546 proprie
472 1465 674 1549 principium,
704 1484 765 1546 qua
793 1465 897 1546 priora
930 1467 1005 1529 sunt
1033 1465 1127 1543 lacta,
1160 1468 1272 1532 merito

87 1572 169 1636 usic
197 1571 360 1654 praefatur
389 1573 559 1656 scriptura:
590 1573 624 1635 in
655 1571 842 1653 principio
876 1572 972 1635 fecit
1004 1571 1096 1636 deus
1130 1575 1274 1638 caelum

126 1683 160 1743 et
182 1683 332 1757 terram,
358 1678 624 1760 quemadmodum
644 1678 789 1743 dixisset:
814 1678 855 1742 ‘in
875 1678 934 1742 fine
954 1677 1032 1743 deus
1052 1680 1130 1744 fecit
1149 1681 1272 1744 caelum
1294 1698 1298 1707 ’

127 1788 156 1848 et
176 1788 318 1862 terram',
343 1785 370 1848 si
394 1788 467 1868 post
489 1785 639 1849 uniuersa
662 1785 801 1850 iecisset.
825 1787 882 1849 aut
905 1785 933 1849 si
955 1784 1144 1868 principium
1169 1787 1275 1869 alique

127 1891 307 1956 substantia
325 1895 384 1966 est
410 1892 470 1956 erit
487 1895 521 1955 et
542 1891 613 1955 finis
638 1891 744 1973 aliqua
763 1890 907 1954 materia.
930 1891 1023 1974 plane
1046 1892 1155 1957 licebit
1177 1893 1272 1958 etiam

128 1998 366 2062 substantiuum
395 1997 516 2079 aliquid
543 1998 733 2080 principium
763 2017 833 2063 esse
862 1998 916 2062 alii
943 1999 999 2075 rei,
1027 2017 1107 2080 qnae
1136 2018 1171 2062 ex
1203 2000 1273 2083 ipso

91 2123 111 2159 ¹⁵
130 2105 169 2169 sit
189 2106 311 2183 futura,
334 2108 372 2169 ut
395 2105 508 2189 argilla
531 2104 720 2187 principium
749 2109 863 2183 testae,
892 2109 929 2169 ut
952 2123 1060 2170 semen
1082 2106 1273 2189 principium

127 2211 245 2275 herbae.
270 2211 328 2275 sed
352 2230 424 2275 cum
448 2211 495 2276 ita
519 2213 638 2275 utimur
656 2211 814 2276 uocabulo
837 2212 995 2295 principii,
1020 2213 1111 2294 quasi
1130 2213 1272 2297 originis,

129 2337 183 2380 non
212 2317 305 2399 quasi
334 2317 452 2382 ordinis
481 2317 616 2394 nomine,
644 2317 801 2391 adicimus
826 2321 858 2382 et
882 2318 1073 2382 mentionem
1101 2318 1205 2402 ipsius
1228 2319 1273 2382 rei

129 2423 315 2504 specialiter,
345 2443 440 2504 quam
469 2424 619 2489 uolumus
644 2425 834 2507 principium
863 2424 993 2489 alterius
1017 2426 1071 2490 rei.
1102 2425 1140 2489 de
1169 2431 1271 2489 cetero

130 2529 154 2590 si
177 2530 222 2594 εἰσ
245 2547 405 2612 ponamus
428 2529 519 2594 uerbi
539 2531 654 2613 gratia:
680 2531 719 2593 ‘in
745 2530 899 2612 principio
919 2531 997 2595 fecit
1014 2530 1132 2613 figulus
1152 2531 1272 2613 peluim

93 2648 114 2690 ἐ
129 2637 176 2700 uel
199 2643 332 2712 urnam,
356 2636 419 2700 iam
444 2655 503 2700 uon
526 2637 690 2700 materiam
715 2635 911 2719 significabit
928 2637 1129 2719 principium,
1149 2674 1192 2681 -
1212 2656 1271 2701 non

129 2743 205 2806 enim
234 2743 382 2827 argillam
409 2743 571 2808 nominaui
599 2743 800 2825 principium,
833 2779 870 2788 -
902 2741 959 2807 sed
986 2742 1127 2806 ordinem
1156 2743 1271 2825 operis,

130 2849 198 2929 qnia
219 2849 340 2934 figulus
365 2853 436 2914 anto
455 2851 713 2932 cetercprimum
732 2848 851 2932 peluim
872 2854 904 2914 et
922 2869 1031 2913 urnam
1051 2849 1137 2928 fecit,
1161 2850 1271 2914 exinde

130 2955 264 3022 tacturus
289 2962 322 3022 et
346 2964 458 3022 cetera.
485 2955 537 3043 [ad
561 2957 787 3023 ordinationem
812 2976 944 3038 opernm
964 2957 1109 3040 principii
1132 2958 1271 3023 uocabu-

131 3059 190 3124 lum
217 3063 400 3146 pertinebit,
428 3081 489 3128 non
522 3064 562 3127 ad
590 3063 742 3146 originem
772 3059 1044 3150 substantiarum]
1074 3083 1206 3146 possum
1240 3070 1272 3129 et

212 3221 240 3289 9]
260 3219 329 3276 Gen.
350 3220 373 3281 1,
395 3221 417 3272 1.

164 3325 174 3376 l
185 3325 211 3377 in
221 3342 272 3378 om.
283 3325 313 3378 F
364 3325 381 3376 2
391 3325 485 3395 possit,
496 3342 544 3378 nos
555 3326 619 3393 Enp
632 3325 794 3394 (reprobans
808 3340 891 3391 pacm
901 3326 980 3393 infra
989 3325 1119 3378 indicaui
1128 3325 1270 3388 lacunam)

132 3411 146 3463 3
167 3428 222 3467 enm
244 3413 375 3482 PNFR¹‚
399 3431 473 3468 suam
497 3414 629 3483 R³uulpc
702 3415 834 3468 lacunam
855 3415 983 3484 siquam.-
1006 3413 1120 3466 dicimus
1144 3413 1267 3467 desidem

133 3502 146 3552 5
161 3503 234 3570 <εἰσ>
252 3504 310 3556 eine
330 3503 407 3557 initio
428 3519 494 3567 esse,
510 3503 574 3572 quin
589 3503 653 3572 Erip
725 3501 796 3572 quod
810 3504 909 3570 scripsi
923 3503 989 3572 quin
1003 3498 1061 3555 ΡΝ
1071 3502 1166 3570 culpo,
1181 3504 1227 3572 qui
1243 3501 1272 3554 F

133 3587 289 3646 traceam
306 3592 432 3662 siccam:
449 3591 573 3646 iaciendo
593 3608 703 3660 operum
722 3593 805 3645 uelim
824 3592 948 3661 suppleri
1001 3594 1018 3645 9
1037 3608 1091 3660 qua
1109 3591 1181 3644 Iuor:
1200 3608 1268 3660 quae

133 3677 208 3732 PNF
218 3681 347 3736 Oeirlerus
418 3683 515 3735 merito
538 3682 577 3735 εἰσ
601 3680 739 3751 praefatur
762 3682 896 3751 scriptura
913 3680 961 3750 R³,
979 3682 1132 3749 meritoque
1150 3681 1190 3735 sic
1208 3697 1269 3748 per-

131 3764 220 3823 lectam
246 3772 407 3841 scripturam
435 3769 565 3838 PNFR¹‚
593 3767 744 3840 meritoque
776 3771 816 3824 sic
847 3769 997 3839 praelitam
1024 3769 1184 3838 scripturam
1212 3770 1270 3823 Iun

136 3855 160 3906 ll
188 3859 236 3912 fine
261 3860 375 3928 scripsi:
402 3861 482 3913 tinem
505 3859 591 3914 PNF
644 3861 676 3913 12
705 3859 855 3929 aliquali,
884 3876 955 3928 aque
981 3859 1068 3913 PNF
1122 3863 1154 3914 15
1173 3860 1210 3912 sit
1232 3859 1268 3912 F.

134 3957 178 3998 mn.
195 3947 220 3999 P
241 3949 317 4012 (add.
341 3947 369 4002 R
391 3949 423 4002 irs
444 3965 495 4018 περ.
518 3965 552 4003 ea·
573 3948 780 4019 Hirscapiensr')
800 3948 831 4000 N
894 3949 925 4000 16
950 3964 1010 4002 oum
1033 3949 1074 4001 ita
1092 3947 1157 4008 PN,
1177 3947 1223 4001 ubi
1241 3947 1271 4000 1⁸*

136 4031 164 4084 19
180 4036 281 4102 peluem
301 4037 330 4090 F
382 4039 418 4092 20
436 4037 602 4106 significabit
619 4037 667 4100 13³,
686 4037 854 4106 significauit
870 4036 993 4091 ΡΝΒἙι
1056 4037 1090 4090 22
1110 4036 1210 4106 peluim
1230 4035 1267 4096 N.

135 4121 229 4186 peluem
247 4125 279 4188 P,
303 4143 353 4180 cm.
373 4125 404 4179 F
455 4125 489 4179 23
513 4124 546 4178 ad
569 4126 1018 4180 ordinationem-substautiarnm
1041 4125 1152 4179 mariue
1174 4125 1268 4178 eadm

135 4213 278 4276 &primm
290 4231 362 4284 quae
377 4215 567 4269 απίεσσᾶσειιία
576 4216 629 4269 iarn
639 4220 758 4268 uon-ct
769 4223 872 4279 cetera3
882 4216 1004 4282 primam
1018 4230 1131 4268 marram
1146 4214 1269 4268 auctoris

136 4314 183 4352 esre
194 4303 314 4371 suspicor
362 4305 398 4358 24
416 4297 524 4373 possum
543 4303 616 4368 Iam
635 4307 747 4374 possunt
766 4303 852 4357 PNF

1182 4402 1229 4502 10:
