3250 4959
414 422 473 477 VII.
493 421 658 475 Aduersus
676 421 876 475 Marcionem
894 422 942 478 lib.
961 422 1117 476 11115-7.
1267 427 1333 489 433

180 617 253 682 dam
277 618 385 701 ignoto
410 616 571 679 reuelatue
597 614 694 679 sitin
718 614 855 679 salutem
880 616 1021 679 omnium
1041 618 1197 701 gentium,
1222 619 1332 697 alium,

180 726 236 807 qui
251 745 270 789 a
284 725 342 789 deo
358 728 497 788 creatore
513 723 543 786 in
557 722 795 787 restitutionem
816 722 939 786 Iudaici
957 727 1062 789 status
1082 726 1126 789 eit
1144 725 1332 803 destinatae,

179 832 369 915 quandoque
395 834 558 895 uenturus.
581 830 664 893 inter
682 830 740 893 hos
760 848 908 913 maguam
929 834 961 893 et
979 850 1104 896 omnem
1124 832 1331 897 differentiam

179 938 307 1015 scindit,
333 942 484 1020 quantam
507 937 727 1001 interiustum
749 937 928 1016 othonum,
953 942 1104 1020 quantam
1127 939 1209 1003 inter
1226 939 1333 1021 legem

141 1061 155 1101 ὁ
180 1050 213 1110 et
239 1044 454 1127 euangelium,
483 1048 633 1125 quantam
656 1044 740 1107 inter
762 1043 962 1108 Iudaismum
987 1047 1019 1117 et
1042 1044 1331 1111 Christianismum.

179 1152 254 1216 hinc
283 1152 343 1215 erit
372 1154 404 1215 et
432 1154 540 1215 nostra
567 1150 787 1233 praescriptio,
817 1169 879 1233 qua
907 1149 1075 1234 defigimus
1103 1151 1182 1216 nihil
1205 1151 1331 1217 Christo

180 1260 231 1324 dei
269 1259 401 1322 alterius
439 1275 606 1321 commuue
644 1275 714 1321 esee
748 1255 862 1319 debere
897 1275 970 1321 cum
1003 1260 1158 1323 creatore:
1191 1261 1332 1323 ceterum

113 1416 119 1429 .
179 1366 331 1431 creatoris
351 1364 629 1447 pronuntiandum,
654 1364 682 1429 ei
706 1358 978 1429 administrauerit
1001 1364 1227 1447 dispositiones
1252 1366 1333 1443 eius,

179 1472 207 1536 si
227 1471 410 1553 impleuerit
428 1470 609 1553 prophetias
630 1470 709 1548 eiua,
731 1470 757 1533 si
778 1470 939 1535 adiuuerit
956 1470 1045 1555 leges
1064 1471 1144 1550 eius,
1164 1473 1192 1537 si
1210 1492 1333 1555 reprae-

129 1580 355 1643 1⁰sentauerit
378 1578 605 1661 promissiones
630 1578 710 1654 eius,
736 1578 764 1642 si
786 1579 1015 1643 restaurauerit
1037 1578 1175 1644 uirtutes
1200 1579 1280 1658 eius,
1304 1580 1331 1644 ei

178 1688 353 1751 sententias
377 1686 606 1762 reformauerit‚
635 1685 662 1748 si
692 1704 806 1763 mores,
838 1684 864 1748 si
894 1685 1104 1768 proprietates
1133 1687 1331 1768 expresserit.

177 1792 276 1856 huius
290 1792 375 1874 pacti
392 1798 424 1855 et
439 1792 534 1856 huius
550 1791 749 1873 praescripti,
761 1810 879 1873 quaeso
891 1795 932 1867 te,
943 1790 1053 1868 lector,
1066 1791 1247 1855 memineris
1262 1791 1331 1856 ubi-

179 1918 241 1981 que
258 1903 290 1963 et
306 1900 408 1981 incipe
423 1916 649 1979 recognoscere
665 1901 720 1961 aut
734 1897 906 1962 Marcionis
919 1896 1080 1962 Christum
1096 1901 1153 1963 aut
1167 1899 1329 1963 creatoris.

227 2006 255 2070 7.
293 2008 382 2070 Anno
422 2004 656 2087 quintodecimo
695 2004 891 2087 principatus
929 2004 1046 2067 Tiberii
1078 2005 1226 2087 proponit
1258 2024 1330 2069 eum

135 2129 161 2167 1⁵
181 2112 384 2177 descendisse
402 2113 434 2176 in
455 2112 618 2176 ciuitatem
635 2110 794 2175 Galilaeae
811 2111 1041 2194 Oapbamaum‚
1056 2113 1167 2193 utique
1188 2111 1226 2177 de
1245 2114 1331 2177 caelo

181 2221 342 2295 creatoris,
362 2220 394 2282 in
414 2219 499 2301 quod
518 2220 555 2283 de
575 2238 633 2283 suo
654 2201 726 2283 ante
745 2217 960 2283 descenderat.
985 2218 1097 2299 ecquid
1118 2237 1191 2302 ergo
1213 2218 1331 2283 ordinis

179 2326 295 2404 fuerat,
323 2330 360 2391 ut
387 2326 475 2409 prius
505 2325 542 2389 de
573 2344 630 2389 euo
656 2324 742 2388 caelo
765 2326 798 2387 in
823 2325 974 2389 creatoris
999 2324 1192 2389 descendens
1217 2324 1332 2389 deseri

179 2435 328 2497 beretur?
353 2452 409 2497 cur
431 2434 515 2497 enim
538 2451 599 2496 non
625 2435 658 2495 et
675 2432 738 2495 ieta
757 2431 994 2513 reprehendam,
1019 2451 1099 2515 quae
1118 2450 1180 2496 non
1198 2432 1332 2515 implent

180 2540 276 2604 iidem
301 2540 474 2605 ordinariae
501 2539 700 2614 narrationis,
730 2538 905 2602 deficientis
933 2538 964 2601 iu
993 2538 1157 2604 mendacio
1186 2542 1331 2619 semper?

132 2665 161 2704 πο
180 2648 273 2730 plane
298 2647 398 2711 semel
421 2647 506 2711 dicta
530 2646 594 2711 sint
616 2664 672 2727 per
700 2664 778 2727 quae
808 2646 871 2708 iam
900 2646 976 2709 alibi
1003 2645 1263 2709 retractauimus:
1292 2664 1330 2708 an

180 2754 374 2818 descendens
395 2774 450 2837 per
469 2758 651 2830 creatorem,
676 2752 855 2833 etquidem
876 2752 1029 2816 aduersus
1048 2752 1165 2834 ipsum,
1190 2752 1332 2835 potuerit

180 2861 220 2925 ab
245 2880 281 2925 eo
305 2860 432 2925 admitti
455 2860 583 2924 atinde
607 2860 743 2925 tramitti
766 2860 797 2923 in
827 2863 943 2923 terram
972 2878 1070 2941 aeque
1100 2858 1212 2940 ipsius.
1247 2877 1330 2922 nuno

179 2974 288 3031 autern
321 2972 352 3032 et
384 2968 543 3050 reliquum
577 2968 718 3033 ordinem
752 2966 967 3030 descensionis
1006 2965 1181 3048 expostula,
1219 2969 1330 3028 tenens

179 3074 405 3139 ‘descendisse’
416 3075 519 3139 iilum.
530 3075 648 3139 uiderit
662 3075 755 3151 enim,
772 3074 875 3138 sicubi
891 3073 1098 3156 ‘apparuisse’
1113 3072 1254 3154 positum
1270 3074 1329 3136 eet.

133 3196 160 3237 ²⁵
181 3200 332 3266 apparere
361 3182 503 3247 subitum
532 3200 568 3245 er
595 3181 758 3263 inopinato
788 3181 873 3264 sapit
900 3182 1118 3262 conspectum,
1148 3179 1203 3260 qui
1231 3178 1331 3241 semei

178 3290 350 3374 impegerit
374 3290 483 3355 oculos
506 3291 538 3353 in
563 3288 606 3364 id,
637 3289 721 3371 quod
744 3288 812 3352 sine
837 3306 925 3350 mora
948 3286 1103 3369 apparuit,
1128 3284 1329 3349 descendisse

180 3402 288 3460 autem
313 3398 388 3459 dum
408 3396 445 3460 tit
463 3396 590 3460 uidetur
614 3400 646 3459 et
670 3395 787 3459 subicit
812 3394 921 3457 oculos
946 3392 984 3456 de
1007 3392 1102 3455 iacto.
1128 3392 1224 3454 etiam
1248 3390 1329 3454 ordi-

272 3520 315 3589 14]
335 3518 370 3572 ci.
389 3518 453 3572 Luc.
474 3520 499 3578 3.
521 3520 543 3572 1.
602 3518 645 3585 15]
666 3518 699 3571 oi.
719 3518 782 3570 Luc.
802 3517 828 3584 4,
849 3517 891 3570 31.

217 3624 291 3693 2qui
301 3642 316 3677 a
326 3623 376 3678 deo
391 3626 422 3677 in
435 3640 491 3677 roe.
502 3624 538 3677 M
575 3625 591 3677 3
604 3624 676 3676 inter
689 3622 771 3687 MR³,
787 3622 860 3675 intra
874 3618 913 3675 12¹
949 3620 967 3672 4
980 3620 1052 3672 iuter
1065 3618 1167 3671 iustum
1182 3619 1213 3670 in
1224 3634 1280 3671 ecs.
1296 3616 1334 3670 M

180 3716 196 3767 6
214 3712 322 3768 Christo
332 3728 382 3769 om.
393 3712 434 3767 ΕΙ
471 3712 480 3761 i
501 3720 629 3774 creatore,
645 3717 762 3767 ceterum
777 3712 869 3779 culpo,
885 3712 1014 3774 creatore,
1029 3706 1330 3775 ceterum<eum>Enp

181 3802 374 3865 luciterum,
386 3801 651 3870 Tiberianiliuulpo
702 3800 781 3853 deum
792 3799 844 3853 Ger
881 3799 914 3851 15
925 3796 1088 3864 galileoeM
1136 3794 1332 3848 catarnaumM

181 3893 215 3944 16
235 3890 306 3959 qnod
324 3892 361 3957 R,
381 3907 432 3959 quo
452 3890 488 3943 M
542 3890 637 3958 ecquid
657 3890 726 3957 Rip:
745 3892 772 3941 et
792 3886 857 3957 quid
876 3887 939 3940 MR
996 3886 1031 3938 ‘20
1049 3883 1255 3937 retractauimus
1269 3884 1329 3936 scii.

180 3997 214 4034 ea
237 3996 308 4049 quae
330 3996 389 4033 eron
411 3980 525 4048 implent
542 3979 627 4048 fidem
647 3979 811 4032 ordinariae
835 3974 1010 4030 narrationis
1136 3990 1170 4025 an
1188 3970 1226 4037 R,
1245 3988 1278 4025 ao
1296 3972 1333 4025 M

179 4072 215 4122 25
235 4086 363 4138 apparere
384 4074 452 4128 (rere
472 4086 505 4121 ec
519 4086 565 4120 rue
581 4084 599 4119 a
613 4084 647 4121 m.
664 4068 692 4136 2)
707 4068 744 4119 M
791 4068 826 4119 26
846 4065 937 4119 oculos
955 4065 983 4116 in
1002 4062 1032 4116 id
1045 4062 1081 4130 R,
1102 4061 1193 4114 occulo
1213 4060 1281 4113 sinit
1294 4060 1332 4112 M

85 4215 90 4223 ,
180 4158 214 4211 27
235 4157 335 4210 subicit
349 4157 390 4223 M,
411 4157 485 4209 subit
499 4156 526 4210 R
582 4157 673 4209 oculos
693 4156 726 4209 de
745 4155 827 4258 spato.
847 4155 959 4221 scripsi:
978 4152 1079 4206 oculos.
1095 4150 1127 4203 de
1143 4150 1215 4202 iacto
1230 4150 1330 4218 uulpo;

179 4248 320 4315 intellepo:
339 4248 390 4299 das
409 4246 607 4314 Herobeteipen
627 4246 692 4299 abc-r
709 4245 781 4301 wird
800 4244 923 4307 demeriti,
943 4242 1035 4295 iudom
1058 4258 1086 4294 es
1106 4240 1249 4309 praediciti,
1270 4238 1330 4292 aad

180 4334 242 4388 bob
261 4334 304 4387 dic
326 4337 424 4403 Aspen
447 4334 666 4403 anporpericbtet
684 4350 738 4387 ooo
761 4335 820 4387 dem
839 4331 1012 4400 Aupenbiiclc
1036 4347 1083 4392 aa,
1105 4345 1146 4383 wo
1170 4345 1198 4382 ee
1219 4328 1330 4381 cintritt

208 4440 335 4481 xxxxvrr
357 4442 417 4481 ren.
432 4442 475 4480 ur.
734 4404 768 4463 'si
1258 4417 1293 4468 ‘38
