3250 4959
696 1094 722 1157 I.

529 1216 589 1281 DE
617 1215 890 1283 PATIENTIA.

180 1349 209 1410 1.
244 1311 411 1411 Confiteor
437 1344 477 1409 ad
505 1342 669 1408 dominum
697 1343 791 1408 deum
821 1342 901 1408 satis
928 1346 1047 1408 temere
1074 1362 1136 1423 me,
1170 1344 1283 1409 sinon

135 1453 232 1517 etiam
255 1450 466 1537 impudenter,
489 1451 528 1516 de
541 1450 695 1535 patientia
710 1468 898 1533 componere
913 1468 1038 1529 ausum,
1058 1451 1109 1515 oui
1123 1455 1283 1534 praestan·

106 1558 192 1622 sdae
216 1556 350 1623 idoneus
375 1556 501 1622 omnino
525 1575 587 1621 non
612 1554 684 1635 sim,
716 1561 755 1619 ut
777 1554 873 1619 homo
896 1554 1016 1621 nullius
1043 1556 1129 1633 boni,
1157 1555 1284 1640 quando

135 1666 281 1748 oporteat
317 1662 617 1729 demonstrationem
655 1666 687 1727 et
723 1662 1029 1743 commendationem
1066 1662 1202 1728 alieuius
1238 1664 1284 1728 rei

134 1770 265 1837 adortos
296 1771 384 1856 ipsos
412 1772 500 1855 prius
527 1770 560 1834 in
584 1769 859 1835 administratione
883 1767 951 1834 eius
973 1768 1019 1834 rei
1039 1766 1229 1853 deprehendi
1253 1774 1286 1834 et

135 1876 348 1943 constantiam
380 1874 602 1943 commonendi
633 1876 777 1961 propriae
810 1876 1060 1941 conuersationis
1093 1877 1284 1942 auctoritate

135 1984 285 2069 dirigere,
308 2003 347 2049 ne
368 1983 453 2048 dicta
470 1982 565 2047 factis
584 1982 805 2047 definienthus
825 1980 1023 2047 erubeseunt
1047 1986 1142 2066 atque
1160 1982 1285 2047 utinam

99 2109 120 2147 u
138 2091 324 2155 erubescere
356 2088 445 2155 istud
475 2088 652 2154 remedium
684 2088 774 2166 rorat,
812 2087 861 2152 uti
894 2088 996 2172 pudor
1026 2108 1086 2154 non
1119 2089 1285 2155 exhibendi

137 2197 221 2281 quod
255 2197 327 2261 aliis
355 2198 546 2281 suggestum
573 2196 658 2260 imus
686 2194 852 2260 exhibendi
880 2194 937 2259 fiet
960 2177 1191 2280 magisterium,
1223 2196 1286 2261 nisi

137 2303 221 2387 quod
258 2301 414 2369 bonorum
445 2302 648 2396 ¹quorundam
685 2300 781 2367 sicuti
819 2306 851 2367 et
889 2302 1044 2367 malorum
1076 2302 1285 2368 intolerabilis

136 2409 324 2495 magnitudo
358 2412 417 2489 est,
449 2412 488 2473 ut
519 2408 558 2473 ad
586 2407 737 2492 capienda
765 2411 799 2473 et
821 2408 1009 2491 praestanda
1032 2428 1069 2473 ea
1092 2411 1162 2475 sole
1183 2410 1287 2495 gratia

137 2516 264 2582 diuinae
290 2514 507 2598 inspirationis
536 2518 690 2597 operetur.
723 2534 794 2579 nem
826 2514 910 2597 quod
933 2514 1068 2579 maxime
1091 2514 1220 2591 bonum,
1253 2514 1287 2579 id

98 2638 120 2678 ιι
138 2624 274 2687 maxime
292 2640 388 2706 penes
407 2622 512 2699 deum,
531 2640 588 2687 neo
608 2621 690 2686 alius
708 2620 741 2685 id
761 2638 854 2703 quam
876 2622 931 2704 qui
948 2620 1094 2703 possidet
1111 2619 1285 2705 dispensat,

138 2734 174 2795 ut
196 2729 315 2813 cuique
334 2728 494 2811 dignatur.
516 2726 625 2810 itaque
647 2728 738 2794 uelut
757 2726 912 2795 solacium
931 2727 992 2793 erit
1010 2726 1173 2811 disputare
1192 2746 1286 2811 super

139 2856 184 2915 eo,
210 2834 298 2921 quod
320 2834 382 2901 frui
405 2855 467 2901 non
493 2835 595 2915 datur,
623 2835 695 2900 uioe
717 2834 949 2919 languentium,
979 2834 1045 2917 qui,
1074 2852 1146 2899 oum
1172 2838 1287 2899 uacent

138 2962 156 3007 a
178 2943 336 3022 sanitate,
361 2941 398 3007 de
421 2942 524 3022 bonis]
547 2943 615 3008 eius
639 2945 743 3007 tacere
767 2960 829 3007 non
853 2944 985 3020 norunpt
1012 2940 1069 3021 ita,
1091 2941 1287 3005 miserrimus

139 3070 207 3135 ego,
233 3069 359 3134 semper
381 3068 485 3134 aeger
507 3050 675 3130 caloribus
699 3049 916 3133 impatientiae
940 3067 1036 3131 quam
1059 3067 1131 3128 upon
1151 3046 1287 3127 obtipeo

98 3174 123 3212 ιι
139 3155 311 3239 patientiae
349 3154 516 3221 sanitatem
555 3160 597 3235 ert
628 3155 797 3241 suspirem]
834 3159 867 3220 et
901 3155 1047 3220 iunonem
1081 3156 1114 3219 et
1144 3173 1287 3237 perorem

139 3282 279 3343 necesse
302 3266 362 3340 est,
386 3280 459 3327 oum
481 3263 638 3343 repoordor
660 3266 694 3329 et
715 3262 747 3327 in
765 3280 855 3327 meae
874 3260 1127 3340 imbeoipllitatisf
1149 3263 1288 3325 oontem-

138 3371 279 3453 platione
312 3369 429 3454 digero
456 3368 581 3449 bonam]
608 3369 682 3434 fidei
705 3368 915 3434 ualitudinem
939 3370 973 3432 et
994 3366 1170 3433 domininus
1195 3366 1288 3431 disei-

138 3478 243 3561 plinae
273 3477 440 3541 sanitatem
467 3496 529 3541 non
556 3478 650 3541 faeile
679 3478 839 3558 cuiquam,
867 3475 929 3540 nisi
955 3474 1110 3558 patientia
1133 3472 1287 3548 adsideat,

140 3584 313 3667 prouenire.
336 3583 381 3649 ita
399 3584 588 3667 praeposita
608 3584 781 3663 deirebus
801 3587 861 3662 est,
884 3586 923 3647 ut
939 3582 1064 3646 nullum
1083 3582 1288 3664 praeceptum

231 3742 277 3811 15]
297 3740 365 3797 er.1
384 3738 444 3797 Gor.
466 3743 506 3805 12,
528 3742 570 3796 11.

175 3850 191 3901 2
214 3836 321 3904 INCIP‘
339 3848 389 3903 DE
411 3846 608 3904 PAOIENTIA
631 3848 703 3911 MN.
725 3836 830 3903 mcii
846 3848 894 3901 DE
914 3844 1111 3902 PAOIENTIA
1132 3842 1289 3897 TERTVL·

141 3936 243 3993 LIANI
261 3938 295 4002 P,
314 3936 365 3993 DE
383 3936 578 3993 PACIENTIA
597 3937 661 3993 DEI
678 3938 710 3993 F
741 3938 823 3992 5sirn
838 3936 938 4001 MNF,
952 3952 1011 3989 sum
1025 3934 1148 4006 Pwtpo
1184 3932 1289 3985 Soom·

142 4028 232 4084 mendi
250 4026 282 4081 F
325 4028 358 4082 10
376 4026 445 4081 illud
463 4024 496 4081 F
537 4028 568 4083 11
589 4032 750 4097 suggestum
767 4026 838 4081 imus
857 4027 893 4094 R,
911 4034 1044 4095 suggestu
1061 4023 1151 4077 minus
1170 4021 1205 4086 P,
1223 4038 1287 4090 sug·

143 4122 249 4187 gestum
263 4117 353 4171 minus
362 4114 434 4176 MN.
449 4120 609 4187 suggestum
625 4133 693 4170 unus
703 4116 733 4170 F
768 4118 801 4170 14
810 4116 910 4169 bonum
921 4113 950 4169 id
963 4115 1078 4169 maxime
1088 4128 1140 4167 om.
1149 4110 1177 4165 P
1186 4110 1229 4175 (is
1237 4125 1289 4178 mp.

144 4206 367 4274 addietum)
404 4204 436 4258 17
457 4202 628 4267 uioePMN,
645 4204 750 4259 meeF
801 4220 862 4257 erim
876 4202 977 4272 PMN,
995 4200 1100 4256 eumF
1135 4198 1168 4254 18
1188 4196 1291 4253 abtim

142 4312 226 4365 uapore
243 4296 275 4349 irs
287 4294 374 4363 finem
385 4294 470 4349 dutus
482 4294 583 4362 ospitis
596 4294 628 4347 in
641 4294 732 4349 codiee
744 4292 782 4347 M
791 4294 883 4349 multa
896 4298 1079 4352 mouerunt.
1093 4305 1166 4359 quoe
1177 4289 1210 4343 in
1224 4302 1289 4341 oon-

143 4390 217 4438 tatu
234 4383 364 4438 inds'oam'
381 4384 492 4438 uncinos
504 4384 637 4451 perstulte
657 4388 676 4450 t
684 4384 705 4451 J)
758 4383 794 4437 24
812 4382 968 4453 praeposita
986 4380 1022 4448 F,
1039 4378 1181 4449 proposita
1198 4374 1289 4428 PMN

169 4508 302 4550 xxxxvrr.
315 4510 375 4549 rm.
389 4507 432 4548 ιιι.
1237 4481 1252 4537 1
