3250 4959
335 399 400 462 534
566 393 683 459 Quinti
703 393 845 462 Septimi
864 391 1037 445 Florentia
1056 389 1260 444 Tertulliani

335 590 419 655 enim
444 589 536 652 illum
561 587 819 653 condicionaliter
842 605 925 650 nnnc
949 587 1063 652 secisse
1083 585 1211 650 diuortii
1229 583 1484 667 prohibitionem,

336 696 364 761 si
379 696 449 762 ideo
466 695 538 780 quis
553 694 696 759 dimittat
708 713 847 772 uxorem,
868 698 905 758 nt
924 693 1018 757 aliam
1039 693 1149 757 ducat:
1173 693 1240 776 qui
1265 690 1483 766 dimiserit,

334 802 448 886 inquit,
483 820 644 866 uxorem
678 806 716 866 et
748 800 868 865 aliam
902 799 1073 878 duxerit,
1107 798 1359 863 adulterium
1388 816 1484 863 com·

335 909 464 986 misit,
502 912 542 973 et
579 907 646 991 qui
684 927 701 971 a
739 907 886 971 marito
921 906 1131 971 dimissam
1164 904 1328 970 duxerit
1357 923 1483 987 aeque

336 1015 500 1080 adulter
523 1019 595 1093 cst,
620 1033 656 1079 ex
675 1013 784 1078 eadem
802 1015 915 1097 utique
935 1032 1032 1078 causa
1051 1013 1225 1088 dimissam,
1250 1030 1313 1093 qua
1330 1031 1392 1077 non
1409 1010 1485 1075 lieet
1512 1029 1524 1068 s
1614 1008 1615 1023 ¹

334 1121 464 1199 dimitti,
488 1125 525 1186 ut
549 1121 612 1185 alia
635 1119 782 1198 ducatur;
806 1121 928 1186 inlicite
952 1120 1036 1185 enim
1057 1118 1222 1184 dimissam
1241 1137 1297 1201 pro
1316 1117 1483 1183 indimissa

335 1227 454 1292 ducens
483 1227 608 1292 adulter
635 1230 694 1292 est.
727 1230 837 1292 manet
863 1227 947 1291 enim
970 1225 1209 1290 matrimonium
1233 1224 1319 1307 quod
1342 1243 1405 1289 non
1425 1225 1483 1288 rite

335 1334 527 1417 diremptum
544 1337 607 1410 ese
622 1338 769 1398 manente
782 1334 923 1416 (autem)
936 1332 1137 1396 matrimonio
1156 1331 1274 1396 nubere
1293 1330 1483 1394 adulterium

335 1444 394 1506 est.
420 1441 466 1504 ita
494 1441 521 1505 si
545 1439 805 1504 condicionaliter
828 1439 991 1521 probibuit
1015 1439 1175 1504 dimittere
1199 1457 1340 1513 uxerem,
1369 1457 1431 1502 nou
1454 1437 1483 1500 in

334 1551 439 1612 totum
454 1547 626 1630 prohibuit,
643 1549 675 1610 et
689 1546 772 1629 quod
791 1566 853 1610 non
873 1545 1035 1628 prohibuit
1052 1546 1084 1609 in
1103 1550 1219 1622 totum,
1234 1543 1382 1628 permisit
1396 1543 1482 1620 alias,
1500 1561 1524 1599 a

335 1653 391 1718 uhi
415 1671 510 1718 causa
534 1657 649 1730 cesset,
678 1653 717 1717 ob
742 1672 837 1734 quam
862 1652 1039 1735 prohibuit;
1065 1656 1097 1716 et
1118 1651 1182 1716 iam
1206 1669 1268 1715 non
1292 1650 1483 1716 contrarium

335 1759 441 1842 Moysi
475 1760 576 1838 docet,
614 1759 706 1823 euius
740 1762 944 1842 praeceptum
977 1759 1095 1822 alicubi
1128 1761 1307 1836 conseruat,
1345 1757 1482 1821 nondum

335 1865 406 1930 dieo
422 1865 596 1930 confirmat.
617 1870 673 1930 aut
692 1865 719 1929 si
739 1865 866 1930 omnino
887 1861 972 1954 [non]
993 1884 1090 1950 negas
1109 1865 1252 1946 permitti
1271 1864 1447 1928 diuortium
1465 1883 1483 1927 a

337 1971 474 2050 Christo,
503 1972 661 2055 quomodo
685 1975 722 2035 tu
746 1973 873 2054 nuptias
897 1971 1030 2049 dirimis,
1058 1990 1116 2036 nec
1144 1971 1339 2055 coniungens
1363 1989 1481 2035 marem

337 2081 369 2142 et
391 2079 541 2143 feminam
565 2097 623 2143 neo
646 2077 724 2143 alibi
747 2078 932 2143 coniunctos
956 2078 996 2142 ad
1019 2081 1252 2143 sacramentum
1278 2077 1482 2158 baptismatis
1502 2091 1523 2129 υ
1614 2064 1615 2077 ’

336 2190 369 2250 et
393 2185 602 2250 eucharistiae
626 2185 807 2262 admittens,
827 2185 889 2250 nisi
912 2186 995 2250 inter
1017 2204 1051 2249 se
1075 2185 1310 2249 coniurauerint
1327 2184 1482 2262 aduersus
1614 2172 1615 2183 ’

335 2292 476 2356 fructum
498 2292 691 2372 nuptiarum,
715 2295 753 2355 ut
776 2290 931 2355 aduersus
953 2291 1060 2374 ipsum
1084 2293 1277 2356 creatorem?
1302 2295 1388 2355 certe
1407 2289 1482 2372 quid

336 2396 432 2461 faciet
460 2396 543 2478 apud
571 2399 602 2460 te
630 2397 775 2474 maritus,
800 2397 829 2462 si
856 2416 934 2462 uror
956 2397 1025 2461 eius
1050 2396 1246 2461 commiserit
1267 2396 1482 2460 adulterium?

337 2502 505 2567 habebitne
532 2503 643 2568 illam?
672 2503 727 2567 sed
755 2521 812 2568 nee
841 2506 934 2567 tuum
958 2505 1140 2586 apostolum
1165 2503 1267 2568 sinere
1290 2502 1388 2586 (seis)
1411 2521 1481 2567 cen-

334 2609 425 2694 iungi
452 2609 643 2691 prostitutae
669 2609 812 2674 membra
836 2608 965 2674 Christi.
999 2611 1096 2675 habet
1122 2611 1231 2692 itaque
1257 2613 1291 2674 et
1317 2607 1483 2675 Christum
1500 2625 1523 2660 υ

336 2716 530 2781 adsertorem
566 2717 694 2781 iustitia
730 2717 871 2781 diuortii.
907 2718 971 2781 iam
1004 2717 1077 2782 hinc
1109 2717 1313 2781 confirmatur
1349 2717 1389 2781 ab
1425 2716 1481 2780 illo

336 2822 465 2904 Moyses
485 2841 521 2884 er
540 2821 651 2886 eodem
671 2821 765 2885 titulo
789 2821 958 2905 perhibens
982 2822 1161 2905 repudium,
1180 2841 1243 2905 quo
1262 2827 1296 2890 et
1318 2822 1481 2888 Christus:

338 2929 373 2992 si
392 2929 598 2993 inuentum
619 2928 799 2993 fueritin
815 2929 987 2994 muliere
1002 2929 1483 3014 negotinmimpudicnm

337 3054 410 3100 nam
434 3035 520 3098 etin
546 3034 711 3118 euangelio
736 3034 871 3099 Mathei:
906 3035 975 3116 qui
1003 3035 1222 3115 dimiserit,
1250 3036 1367 3120 inquit,
1397 3057 1483 3102 nro·

338 3161 418 3206 rem
458 3161 568 3206 suam
607 3143 769 3224 praeter
807 3161 968 3207 causam
1005 3143 1213 3220 adulterii,
1255 3142 1359 3208 facit
1400 3157 1524 3208 eam¹⁵
1614 3152 1615 3167 ¹

427 3470 452 3540 2]
472 3469 535 3522 Luc.
557 3469 598 3533 16,
620 3470 662 3523 18.
700 3470 744 3538 19]
766 3468 904 3525 ciICor.
922 3471 1007 3538 6,15.
1044 3471 1286 3540 affluentem.
1322 3473 1484 3542 aqueus

338 3563 362 3625 5,
382 3561 425 3614 32.

373 3757 388 3808 2
409 3762 439 3809 ut
457 3755 505 3824 13³,
526 3759 554 3810 et
571 3755 644 3810 Mle
712 3757 729 3810 8
748 3759 840 3811 autem
859 3756 975 3811 addidi:
992 3757 1077 3812 deleri
1094 3759 1157 3812 uult
1173 3759 1261 3812 uerba
1278 3763 1487 3813 manente-est

337 3845 400 3914 Enp
456 3845 489 3898 10
507 3844 575 3898 alias
594 3845 641 3898 ubi
659 3845 730 3914 Ripa:
748 3845 803 3899 alia
822 3846 908 3899 subici
922 3844 1005 3913 MR1,
1024 3847 1099 3900 alind
1118 3849 1161 3900 eat
1179 3847 1226 3900 ubi
1239 3845 1281 3901 Β*
1331 3847 1362 3900 11
1384 3853 1413 3901 et
1430 3847 1486 3900 iarn

336 3933 451 4003 scripu:
467 3933 550 3986 etiam
567 3933 630 3988 MR
675 3935 708 3988 13
728 3934 937 3988 confirmataut
953 3935 990 4001 R,
1009 3935 1168 3989 confirmata
1186 3940 1218 3990 ut
1234 3935 1300 3989 ΜΓ
1349 3953 1404 3990 non
1420 3937 1484 3991 recl.

337 4022 377 4076 12³
451 4022 483 4074 16
503 4022 703 4076 eucharisthiae
720 4024 759 4076 M
833 4024 866 4077 18
885 4024 970 4078 faciet
992 4021 1058 4078 Ura:
1074 4024 1143 4078 facit
1160 4023 1223 4079 Ma
1297 4025 1329 4079 19
1347 4025 1397 4079 aed
1414 4025 1486 4094 Ma,

337 4109 442 4164 scilicet
464 4109 593 4165 Oehlerua
681 4111 735 4166 scis
752 4111 842 4181 suppl.
865 4111 926 4176 Urs,
944 4129 997 4166 em.
1015 4112 1078 4167 MR
1095 4114 1196 4181 reliqui
1213 4131 1306 4169 caraea
1375 4115 1409 4168 21
1429 4116 1485 4169 ianr

337 4197 401 4251 hinc
420 4198 593 4254 confirmatur
611 4201 647 4269 ef.
665 4217 753 4269 supra
772 4201 790 4255 l.
810 4204 849 4255 12
911 4201 946 4254 22
964 4201 1110 4272 perhibens
1127 4205 1240 4273 ambri.-
1257 4203 1405 4274 prohibens
1422 4204 1487 4259 MR

338 4286 373 4338 24
391 4285 496 4340 lietbei
514 4287 549 4348 R,
568 4289 684 4342 matthei
702 4289 739 4342 M
