3250 4959
429 365 490 420 Vll.
509 366 676 422 Aduersus
695 367 894 422 Marcionem
912 367 960 422 lib.
979 368 1003 420 V
1022 369 1118 423 9-10.
1281 371 1346 436 605

194 559 423 625 benedictus
440 560 612 628 dominus
628 561 719 626 deus
738 561 935 637 israhelis,
955 561 1019 645 qui
1038 562 1133 628 iacit
1151 563 1346 629 mirabilia

196 667 317 734 solue.
347 667 589 732 benedictum
619 685 749 734 nomeu
779 668 926 752 gloriae
955 669 1036 733 eius
1066 672 1103 733 et
1129 669 1347 752 replebitur

193 775 375 840 uniuersa
398 777 499 839 terra
521 775 646 859 gloria
669 775 761 853 eius..
785 778 894 841 contra
918 774 1079 850 Solomon,
1104 775 1205 841 audeo
1230 775 1345 854 dicere,

195 880 293 944 etiam
327 901 420 963 quam
454 880 568 946 habuit
599 882 631 946 iu
666 881 723 946 deo
752 882 886 965 gloriam
912 882 1022 946 amisit
1043 901 1100 964 per
1123 881 1290 947 mulierem
1312 883 1345 947 in

160 986 375 1052 sidolstriam
409 1007 511 1071 usquo
543 992 733 1071 protractus.
770 989 879 1070 itaque
909 1007 982 1053 cum
1017 989 1049 1053 iu
1083 988 1188 1054 medio
1219 989 1345 1072 psalmo

194 1094 278 1159 illud
302 1113 427 1178 qnoque
446 1096 587 1178 positum
608 1094 664 1160 sit:
689 1095 837 1160 inimici
860 1096 941 1160 eius
963 1096 1161 1178 puluerem
1184 1095 1343 1180 lingent,

194 1201 332 1267 subiecti
365 1202 476 1285 utique
510 1201 645 1284 pedibus
677 1202 791 1284 ipsius,
824 1201 865 1266 ad
895 1201 978 1267 illud
1003 1201 1184 1286 pertinebit,
1216 1204 1345 1285 propter

193 1307 279 1390 quod
302 1309 386 1373 huuc
409 1309 569 1392 psalmum
593 1312 625 1373 et
648 1307 743 1373 intuli
762 1311 795 1373 et
814 1308 853 1373 ad
871 1327 975 1373 meam
994 1309 1184 1375 sententiam
1205 1308 1343 1385 defendi,

193 1416 231 1478 ut
250 1414 501 1480 confirmauerim
525 1417 558 1479 ct
574 1416 664 1499 regni
689 1415 821 1500 gloriam
841 1418 874 1479 et
891 1415 1093 1480 inimieorum
1111 1414 1343 1482 subiectionem

146 1521 368 1585 sesecundum
402 1521 645 1604 dispositionem
678 1523 828 1588 creatoris
861 1524 1107 1587 consecutumm
1144 1539 1206 1586 uon
1243 1522 1343 1586 alium

193 1627 383 1692 credendum
408 1647 502 1711 quam
527 1629 687 1694 creatoris.

240 1737 292 1798 10.
311 1735 523 1800 Reuertemur
540 1754 624 1800 nnuc
643 1734 682 1798 od
700 1736 973 1812 resurrectionem,
994 1735 1045 1799 eui
1065 1739 1097 1799 et
1116 1734 1194 1799 alias
1210 1734 1340 1818 quidem

191 1842 319 1926 proprio
343 1842 507 1906 uolumine
531 1842 747 1906 satisfecimus
771 1841 918 1906 omnibus
943 1841 1111 1906 haereticis
1138 1841 1340 1917 resistentem

192 1948 249 2013 sed
272 1967 330 2014 nec
352 1948 405 2013 hic
428 1949 589 2028 desumus,
612 1951 742 2031 propter
764 1969 829 2026 eos,
859 1948 914 2031 qui
936 1947 1017 2012 illud
1041 1947 1230 2032 opuseulum
1252 1949 1341 2034 igno-

146 2075 173 2116 re
192 2058 270 2118 rant.
296 2055 397 2138 qnid,
421 2056 476 2134 ait,
500 2057 644 2120 sacient
667 2056 729 2139 qui
753 2075 817 2140 pro
841 2055 1004 2119 mortuis
1025 2054 1280 2137 baptizantur,
1305 2055 1340 2118 si

193 2162 333 2226 mortui
356 2181 425 2226 uon
448 2165 675 2247 resurgunt?
699 2161 818 2227 uiderit
838 2161 1001 2229 institutio
1024 2161 1102 2226 ista:
1126 2161 1339 2239 talendensi

192 2267 283 2344 forte,
316 2269 505 2335 Februariae
533 2270 770 2353 respondebunt
802 2269 848 2333 illi
876 2287 932 2351 pro
965 2269 1101 2333 mortuis
1129 2272 1245 2352 petere.
1273 2268 1340 2333 noli

192 2393 266 2458 ergo
300 2377 481 2458 apostolum
514 2395 634 2442 nouum
666 2378 775 2441 statim
809 2379 972 2440 auctorem
1004 2379 1060 2440 eut
1087 2375 1339 2441 confirmatorem

192 2481 261 2546 eins
290 2481 448 2560 denotare,
482 2486 519 2548 ut
547 2487 635 2548 tauto
659 2483 762 2567 magis
786 2483 915 2549 sisteret
939 2483 1041 2547 carnis
1064 2482 1340 2559 resurrectionem,

145 2609 173 2650 ro
192 2590 308 2669 quanto
332 2589 392 2668 illi,
417 2589 471 2672 qui
494 2609 574 2654 uene
599 2609 654 2672 pro
678 2591 815 2655 mortuis
834 2590 1079 2672 baptizarentur,
1104 2588 1165 2653 fide
1184 2608 1340 2654 resurrec-

189 2695 287 2759 tionis
320 2695 380 2762 hoe
414 2697 561 2761 facerent.
598 2695 751 2760 habemus
784 2695 876 2760 illum
909 2695 1028 2760 alicubi
1059 2696 1153 2760 unius
1186 2696 1339 2779 baptismi

190 2800 396 2868 definitorem.
407 2803 506 2886 igitur
521 2807 552 2867 et
565 2823 621 2885 pro
633 2803 789 2868 ‘mortuis’
799 2802 881 2886 tingi
895 2822 950 2884 pro
961 2803 1168 2884 ‘corporibus’
1182 2806 1232 2867 est
1244 2803 1337 2887 tingi,

189 2911 646 2994 -‘mortuum’enimcorpus
658 2910 911 2974 ostendimus-
923 2929 995 2973 aas
1011 2908 1100 2991 quid
1115 2909 1260 2974 iaciant
1274 2909 1338 2991 qui

188 3033 253 3098 pro
266 3017 450 3099 corporibus
465 3016 717 3101 baptizantur,
730 3017 762 3080 si
778 3034 987 3098 corporanon
1002 3019 1229 3098 resurgunt?
1241 3018 1337 3096 atque

143 3143 170 3182 rs
189 3121 266 3187 adeo
299 3127 384 3188 recte
412 3123 496 3188 hunc
525 3122 657 3208 gradum
686 3122 826 3207 ligimus.
859 3125 897 3185 ut
920 3123 953 3186 et
975 3121 1145 3186 secundam
1171 3122 1336 3205 apostolus

189 3227 461 3312 disceptationem·
477 3248 576 3312 aeque
601 3228 639 3293 de
664 3246 791 3311 corpore
816 3228 984 3292 induxerit:
1016 3228 1080 3292 sed
1109 3228 1235 3294 dicent
1258 3229 1335 3311 qui-

189 3335 283 3399 dam:
309 3335 498 3418 quomodo
522 3336 661 3401 mortui
684 3338 906 3420 resurgent?
936 3354 1006 3417 quo
1031 3338 1154 3400 autem
1180 3353 1335 3418 corpore

276 3457 448 3529 merra.
500 3455 745 3526 misceamus.
795 3455 1035 3526 suessones.
1085 3454 1334 3526 261100r.15,35.

222 3563 238 3616 5
262 3565 415 3634 protractus
438 3563 508 3629 MF,
532 3566 685 3633 pertractus
708 3562 829 3633 Rcadgo
920 3565 936 3618 6
961 3579 1067 3632 quoque
1091 3561 1138 3625 13³.
1163 3560 1236 3631 quod
1259 3561 1334 3617 MR¹

185 3651 294 3720 lingent
316 3651 398 3718 MR³,
421 3651 531 3720 lingunt
549 3651 588 3706 13¹
680 3651 713 3706 10
736 3655 944 3705 consecutumm
968 3650 1038 3717 MR,
1062 3655 1256 3705 consecuturus
1278 3649 1335 3720 Rip

188 3741 220 3793 16
236 3741 289 3794 ista
302 3741 385 3806 MR³,
400 3741 452 3794 iste
467 3741 506 3795 ΕΙ
564 3742 595 3795 17
610 3742 709 3809 meede,
725 3758 764 3794 aaa
777 3741 979 3796 rescribendum
993 3743 1043 3794 ait.-
1055 3740 1189 3795 kalendae
1202 3739 1333 3804 sabariae,

185 3830 349 3897 quiaprimo
360 3829 511 3882 diomedeis
520 3829 673 3882 Februarii
685 3835 807 3883 mortuos
822 3830 876 3884 coli
889 3845 1027 3897 nusquam
1041 3828 1177 3893 traditam
1187 3828 1236 3881 sed
1245 3845 1264 3881 a
1272 3845 1333 3881 mc·

185 3917 272 3970 tando
286 3934 327 3971 me
339 3919 483 3971 reuocauit
493 3917 564 3987 Eap,
584 3917 737 3970 ‘kalendae'
746 3917 920 3970 Fabrateriae
938 3917 982 3969 bie
996 3933 1047 3984 per
1069 3919 1262 3985 metonymiam
1276 3915 1334 3971 atet

179 4007 464 4075 pctonspro‘meuse’
474 4005 632 4060 Februario
670 4007 771 4059 litoius
781 4003 847 4058 Urs:
857 4005 985 4058 eumMR
1021 4005 1333 4074 23loccmameipmaci:

185 4097 216 4148 ut
228 4095 280 4148 hoc
294 4094 368 4148 dicat
381 4095 520 4164 spostolus
533 4095 578 4149 uel
591 4094 697 4148 cimilia
710 4094 880 4147 intercidisse
891 4100 974 4161 puto,-
984 4092 1152 4147 ostendimus
1166 4113 1215 4146 —:
1226 4095 1328 4163 quid...

183 4183 255 4253 Eup,
266 4185 397 4238 lacernam
406 4201 464 4239 nore
472 4189 598 4239 statuens
643 4184 677 4237 25
688 4185 716 4236 et
726 4182 871 4236 secundam
882 4183 1022 4253 apostolus
1031 4182 1130 4250 compsi
1135 4201 1144 4235 s
1152 4185 1180 4237 et
1190 4183 1331 4252 apostolus

183 4273 329 4328 secundam
349 4273 411 4328 MR
465 4273 499 4328 26
519 4273 744 4342 disceptationem
764 4271 810 4336 R³,
831 4271 1056 4342 discrepationem
1073 4271 1149 4326 ΜΕι
