3250 4959
441 385 501 438 Vll.
521 386 688 439 Aduersus
707 386 907 439 Marcionem
926 386 973 441 lib.
993 386 1050 439 llll
1069 388 1095 440 9.
1275 390 1339 454 443

190 580 241 644 dei
275 582 489 647 emaculatum
523 581 632 645 offerre
665 581 777 646 debere
811 600 926 645 munus
960 582 1018 645 deo
1052 582 1136 665 apud
1173 582 1339 665 ternplum,

191 688 364 752 orationem
396 687 520 752 scilicet
548 692 579 751 et
607 688 762 753 actionem
788 690 961 772 gratiarum
986 688 1071 770 apud
1095 689 1262 753 ecclesiam
1286 708 1342 771 per

190 793 355 859 Christum
378 794 496 870 Iesum,
522 794 714 859 catholicum
733 796 833 877 patris
854 796 1060 861 sacerdotem.
1083 796 1191 878 itaqua
1210 796 1340 859 adiecit:

189 906 232 963 ut
257 902 309 965 sit
331 902 443 965 uobis
467 902 503 964 in
527 901 800 981 testimonium,
825 901 892 965 sine
913 902 1009 966 dubio
1029 922 1091 983 quo
1110 901 1288 966 testabatur
1306 920 1341 963 se

158 1007 293 1090 elegam
319 1026 379 1071 non
406 1006 590 1085 dissoluera,
616 1008 670 1071 sed
696 1008 878 1091 adimplere,
903 1028 966 1090 qno
985 1009 1164 1072 testabatur
1183 1027 1216 1071 ae
1234 1009 1340 1089 ipsum

190 1132 273 1180 esse.
304 1114 357 1197 qui
386 1114 513 1179 morbos
538 1118 570 1177 et
594 1113 786 1177 ualitudines
811 1132 919 1178 eorum
945 1118 1153 1197 suscepturus
1177 1114 1340 1178 adnuntia-

187 1220 291 1284 batur.
331 1220 410 1284 banc
447 1224 514 1284 tam
551 1224 777 1303 congruentem
812 1226 844 1285 et
877 1222 1016 1284 debitam
1050 1221 1341 1303 interpretationem

189 1328 365 1391 testimonii
390 1328 535 1391 adulator
553 1327 672 1392 Christi
697 1328 746 1391 sui
765 1327 906 1392 Marcion
928 1329 988 1392 sub
1008 1328 1140 1393 obtentu
1158 1332 1340 1391 mansuetu-

189 1433 273 1497 dinis
304 1437 335 1498 at
366 1433 507 1497 leuitatis
541 1435 664 1516 quaerit
698 1434 874 1499 excludere.
903 1454 974 1499 nam
1005 1439 1052 1498 ‘ut
1081 1434 1202 1511 bonus',
1226 1434 1340 1514 inquit,

143 1562 171 1600 ιο
189 1542 439 1623 ‘praeterea<ut)
450 1541 553 1605 sciens
570 1559 703 1620 omnem,
719 1541 774 1621 qui
789 1542 877 1624 lepra
891 1545 978 1605 esset
991 1541 1156 1614 liberatus,
1177 1540 1342 1604 sollemnia

187 1647 271 1729 legis
296 1650 514 1723 executurum,
538 1647 609 1711 ideo
628 1648 675 1710 ita
693 1648 875 1729 praecapit‘.
895 1649 926 1711 in
946 1666 1065 1712 uanum
1085 1666 1158 1729 ergo
1179 1646 1343 1710 descendit

190 1752 281 1833 quasi
299 1752 403 1837 legem
424 1754 653 1831 destructurus,
670 1773 742 1817 cum
760 1753 845 1817 cedit
860 1754 1101 1819 obsecutoribus
1116 1754 1207 1836 legis.
1223 1752 1342 1833 atquin,

190 1861 283 1939 quasi
302 1861 404 1924 sciens
424 1859 557 1924 formam
578 1878 698 1936 eorum,
719 1860 821 1944 magis
840 1860 878 1923 ab
897 1879 934 1923 ea
948 1860 1137 1925 auertendos
1156 1858 1340 1941 praeuenire

191 1965 354 2044 debuerat,
374 1966 452 2031 siin
472 1966 531 2031 boc
551 1970 691 2031 uenerat.
717 1966 793 2047 quid
811 1969 902 2030 tum?
926 1967 1184 2049 perseuerauitne
1202 1966 1234 2029 in
1254 1965 1341 2029 boni-

145 2092 172 2132 rs
191 2074 269 2145 tate,
298 2072 331 2135 id
360 2077 410 2137 est
437 2073 644 2153 permissione
672 2072 762 2156 legis=
792 2092 830 2135 an
860 2076 941 2137 nun?
976 2074 1003 2137 si
1032 2073 1114 2136 enim
1144 2073 1246 2137 bonus
1274 2091 1342 2154 per-

193 2180 364 2257 seuerauit,
389 2198 544 2261 nusquam
570 2178 749 2243 destructor
770 2179 830 2241 erit
847 2178 930 2261 legis
949 2197 1007 2242 uec
1028 2179 1078 2242 dei
1097 2177 1228 2241 alterius
1248 2177 1343 2241 babe-

192 2283 289 2359 bitur,
319 2289 463 2349 cessante
487 2285 568 2369 legis
593 2285 819 2358 destructione,
847 2305 904 2368 per
926 2305 1020 2367 quam
1045 2285 1175 2349 alterius
1200 2284 1251 2348 dei
1275 2284 1342 2347 uiu-

194 2390 328 2455 dicaiur.
353 2393 379 2455 si
404 2410 465 2455 nou
494 2392 712 2473 perseuerauit
739 2392 853 2470 bouus,
878 2392 1067 2456 destruendo
1092 2396 1203 2473 postea
1225 2392 1341 2475 legem,

193 2496 311 2561 falsum
332 2517 405 2583 ergo
425 2498 643 2563 testimonium
664 2497 797 2585 [posteat
819 2500 990 2563 collocarit
1008 2498 1093 2581 apud
1111 2500 1185 2564 illos
1203 2499 1235 2562 in
1256 2516 1343 2561 cura·

147 2604 280 2669 notione
308 2605 437 2687 leprosi3
468 2604 609 2669 deseruit
633 2606 715 2668 enim
744 2606 929 2680 bonitatem,
959 2604 1033 2669 dum
1062 2606 1200 2669 destruit
1225 2605 1371 2687 legem

193 2711 391 2789 malasiam,
413 2712 536 2793 quando
556 2712 637 2796 logis
657 2730 795 2781 euersor.
817 2713 844 2775 si
864 2712 976 2790 bonus,
1001 2730 1075 2775 cum
1093 2712 1174 2795 legis
1193 2711 1342 2776 indultor.

194 2816 250 2880 sed
280 2820 312 2880 et
340 2835 386 2894 eo,
418 2818 501 2899 quod
526 2818 661 2881 indulsit
688 2818 753 2901 legi
778 2818 977 2899 obsequium,
1005 2818 1120 2881 bonam
1144 2818 1247 2898 legem
1272 2835 1343 2881 oon-

193 2922 342 2989 firmauit.
367 2943 458 2989 nemo
484 2926 565 2987 enim
591 2925 674 2988 malo
700 2925 833 3007 obsequi
853 2925 982 3007 patitur.
1007 2942 1081 3007 ergo
1106 2928 1138 2989 et
1160 2924 1207 2988 sic
1225 2925 1341 3000 malus,

194 3030 222 3092 si
251 3030 440 3111 obsequium
467 3031 532 3114 legi
560 3034 662 3095 malae
691 3030 837 3109 indulsit,
871 3034 904 3094 et
930 3032 977 3094 sic
1005 3031 1150 3108 deterior,
1183 3032 1211 3095 si
1244 3032 1343 3094 bonae

146 3159 175 3200 aa
193 3136 275 3219 legis
296 3136 475 3200 destructor·
493 3138 631 3201 aduenit.
657 3137 786 3219 proinde
806 3138 834 3201 si
853 3141 890 3200 ut
909 3137 1012 3200 sciens
1032 3156 1168 3215 omnem,
1188 3136 1240 3218 qui
1255 3137 1343 3217 lepra

193 3242 346 3308 liberatus
380 3248 474 3325 esset,
505 3245 550 3309 ita
582 3246 753 3322 facturum,
776 3245 848 3309 ideo
880 3244 1040 3327 praecepit
1072 3262 1188 3307 munus
1221 3242 1341 3320 offerre,

193 3352 300 3431 potuit
328 3355 359 3415 et
386 3369 446 3414 non
476 3354 676 3434 praecepisse
711 3352 795 3434 quod
828 3352 949 3416 sciebat
981 3352 1065 3414 ultro
1099 3351 1254 3414 futurum.
1287 3368 1344 3412 cnr

194 3455 276 3519 enim
295 3476 355 3519 non
374 3458 535 3536 incultui
555 3459 648 3521 bomo
669 3460 736 3523 solo
758 3477 816 3521 suo
836 3457 965 3521 arbitrio
985 3457 1049 3540 legi
1066 3456 1250 3521 oboediret?
1265 3459 1342 3519 tunc

281 3578 310 3648 4]
329 3578 394 3631 Luc.
414 3579 439 3640 5,
462 3580 502 3632 14.
559 3583 584 3649 5]
605 3581 637 3634 cl.
659 3582 756 3635 Matth.
777 3582 802 3643 5,
824 3582 866 3637 17.
922 3582 948 3650 6]
969 3581 1002 3634 cf.
1022 3582 1066 3635 Ea.
1087 3581 1129 3646 53,
1149 3581 1174 3632 4.

230 3684 246 3736 5
257 3701 308 3753 quo
319 3685 722 3741 testabatur-adnuntiabatur
724 3690 796 3756 sort.
806 3688 920 3756 saurim
933 3688 967 3754 es.
983 3704 1055 3755 quae
1068 3692 1220 3755 sequuntur
1234 3690 1259 3738 et
1274 3688 1343 3750 444,

195 3774 214 3824 3
231 3788 287 3841 sqq.
369 3775 385 3827 9
405 3778 435 3828 ut
453 3774 539 3829 bonus
557 3777 670 3845 scripsi:
689 3782 717 3830 et
735 3777 822 3830 bonus
840 3776 903 3832 MR
986 3778 1019 3830 10
1037 3778 1106 3843 (ut)
1124 3778 1212 3829 sciens
1231 3775 1344 3841 scrupea:

194 3862 280 3915 sciens
294 3862 357 3918 MR
412 3864 441 3916 11
459 3865 545 3917 uerba
559 3866 586 3917 in
601 3867 764 3919 uanum-in
779 3866 832 3919 hoc
846 3870 967 3934 uenerat,
982 3882 1052 3936 quae
1064 3866 1095 3917 in
1108 3864 1171 3918 MR
1184 3864 1264 3930 infra
1275 3864 1292 3915 l.
1303 3867 1344 3916 27

188 3956 255 4018 post
268 3952 340 4005 ultro
350 3951 470 4005 futurum
483 3952 617 4021 loquutur,
633 3954 686 4008 leuc
700 3956 834 4008 transtuli
878 3955 910 4007 13
924 3956 1037 4007 formam
1055 3970 1145 4006 eorum
1161 3976 1194 3998 =
1208 3954 1267 4005 ihre
1280 3951 1343 4016 Art,

193 4040 316 4095 adnrliclc
334 4040 378 4094 die
390 4040 554 4107 scientiolam
572 4042 694 4097 Formam
712 4044 757 4098 das
779 4044 901 4097 Geeelzea
918 4060 954 4095 aa
972 4043 1092 4110 ersrtllea
1152 4043 1185 4094 15
1204 4057 1238 4094 an
1256 4040 1344 4093 Pam:

195 4133 242 4184 aut
264 4130 327 4185 MR
423 4133 455 4185 16
478 4148 610 4201 nusquam
634 4132 704 4201 MR,
727 4150 875 4191 numquam
898 4132 970 4185 Pam
1071 4133 1103 4184 19
1127 4133 1224 4200 postea
1246 4130 1346 4183 seclusi

193 4219 228 4273 23
247 4218 361 4287 obsequi
378 4218 461 4283 Mur,
482 4220 611 4290 obsequio
630 4221 668 4275 R¹
748 4224 782 4275 24
801 4222 856 4291 legi
875 4222 962 4274 malae
981 4220 1024 4288 M,
1042 4220 1130 4273 malae
1149 4220 1205 4289 legi
1223 4219 1343 4287 Ruulyo

194 4308 228 4361 27
248 4308 370 4371 sciebant
389 4308 425 4361 M
442 4310 520 4377 (corr.
539 4326 573 4365 m.
593 4314 617 4377 1)
691 4328 737 4365 eur
756 4312 827 4365 enim
846 4309 917 4373 Mn,
937 4325 983 4363 cur
1002 4326 1064 4378 ergo
1084 4308 1117 4363 N
1123 4308 1196 4362 Pam
