3250 4959
643 415 862 469 Praelatio.
1235 420 1328 487 vflfl

173 616 273 678 -et
297 614 387 696 ipsos
406 613 534 696 quidem
554 612 798 677 antihaoroticos
818 648 862 659 -
880 612 912 678 iu
931 616 1053 695 partem
1073 614 1209 696 priorem
1229 617 1330 681 truns-

172 738 290 803 pouere
325 722 455 785 coactus
493 738 564 785 esse
602 718 739 785 uidetur.
750 720 774 805 ¹)
812 718 965 802 ipsorum,
991 719 1092 803 igilur
1128 721 1329 787 uoluminum

175 826 445 893 cluniacensium
469 829 502 891 et
535 824 652 907 dispari
684 824 804 891 ambitu
831 828 865 890 et
894 824 1049 891 librorum
1076 826 1197 891 inillis
1222 827 1331 892 ordine

175 951 235 999 non
260 932 382 1015 ubique
406 936 480 1014 apto
503 931 653 997 inductos
677 949 748 1001 esse
776 930 965 997 crediderim
997 932 1143 1000 librarios
1174 932 1261 1012 illos,
1293 937 1332 999 ut

175 1039 377 1105 discederent
408 1038 447 1104 ab
482 1038 589 1104 ordine
624 1038 752 1104 madito.
778 1056 872 1121 quem
897 1038 1048 1118 ordinem,
1080 1039 1114 1104 in
1145 1040 1332 1107 uniuersum

174 1164 230 1228 pro
255 1162 360 1209 rerum
384 1143 614 1229 argumentis²l
639 1142 811 1229 digestum,
836 1164 910 1210 curn
932 1164 1091 1228 nusquam
1114 1146 1242 1213 uideam
1263 1151 1331 1213 turs

175 1252 287 1317 butum
312 1250 373 1315 nisi
397 1250 429 1315 in
452 1250 551 1332 partis
571 1250 685 1333 prioris
702 1250 784 1316 libro
803 1251 905 1335 primo
925 1255 958 1317 et
974 1251 1213 1335 inposterioris
1231 1254 1331 1335 partis

178 1360 315 1441 quatuor
333 1356 467 1435 ultimis,
491 1356 681 1440 persuadere
705 1357 784 1423 mihi
807 1358 861 1423 uir
883 1377 1016 1441 possum
1039 1359 1123 1428 bunc
1145 1378 1218 1425 esse
1240 1360 1332 1425 illum

179 1465 319 1531 ordinem
354 1482 448 1547 quem
481 1463 720 1542 institueritis,
744 1464 928 1547 quitatum
955 1464 1017 1530 boc
1040 1483 1156 1550 corpus
1184 1466 1330 1552 collegit3

177 1572 281 1637 multo
315 1570 524 1635 uerisimilius
547 1570 627 1635 mihi
651 1570 780 1637 uidetur
802 1569 943 1635 ordinem
967 1571 1006 1636 ub
1030 1570 1121 1643 initio
1144 1572 1331 1639 institutum

179 1680 248 1745 siue
271 1695 348 1743 cusu
375 1676 446 1743 siue
473 1678 620 1743 consulto
649 1677 818 1759 aliquando
842 1696 914 1743 esse
935 1679 1154 1757 immutatum,
1177 1679 1264 1762 quod
1285 1680 1332 1745 ita

178 1786 301 1854 factum
332 1800 403 1848 esso
430 1784 620 1866 potiuerim,
647 1786 686 1849 ut
712 1802 748 1847 er
771 1783 942 1867 archetypo
969 1784 1123 1849 librorum
1148 1784 1332 1853 cluniacen·

181 1893 275 1969 sium,
308 1889 341 1954 in
373 1906 449 1956 uno.
470 1892 594 1957 exarato
627 1890 791 1955 uolumine
827 1908 1000 1976 permagno
1038 1894 1071 1957 et
1106 1890 1278 1975 incipiente
1314 1912 1333 1958 n

179 1998 261 2065 libro
291 1996 341 2063 dc
356 1994 443 2081 flego,
478 2000 553 2081 post
582 1996 699 2064 librum
731 1996 769 2061 de
787 1995 890 2077 pullio
922 1996 1028 2064 auulsi
1055 1998 1174 2065 iuodnt
1195 1999 1225 2063 ei
1248 2000 1331 2077 libri,

181 2123 263 2187 quos
281 2124 363 2171 nuno
381 2104 537 2169 babemus
555 2104 588 2169 in
606 2102 889 2185 Montepessuluno
908 2106 942 2168 et
961 2103 996 2167 in
1020 2104 1141 2179 codicis
1158 2104 1334 2171 Florentini

180 2210 219 2275 N
241 2210 470 2294 prioreparte.
503 2208 562 2275 hoe
590 2209 673 2274 enim
702 2209 729 2273 si
757 2228 867 2274 rursus
887 2208 967 2273 illuc
993 2209 1176 2290 inserueris,
1202 2212 1334 2278 babebis

181 2336 293 2383 reuera
315 2334 430 2399 corpus
449 2314 698 2381 Tertulliuneum
716 2334 771 2398 pro
789 2313 944 2393 librorum
962 2316 1159 2399 argumentis
1171 2322 1252 2403 ,apte
1270 2318 1333 2383 diss

182 2425 323 2507 positum
346 2440 449 2505 neque
472 2422 643 2504 quicquam
667 2420 863 2487 desiderabis
885 2420 918 2487 in
945 2421 1054 2487 ordine
1077 2422 1278 2507 scriptorum.
1327 2463 1331 2478 ·

227 2530 297 2595 Hoc
331 2548 445 2613 corpus
478 2528 517 2593 ab
549 2528 680 2593 interitu
709 2528 891 2594 uindicasse
919 2527 958 2593 do
980 2528 1122 2611 proximo
1146 2534 1184 2595 ut
1206 2530 1334 2595 uidetur
1421 2563 1438 2611 a,

182 2637 368 2703 imminente
401 2634 486 2700 haud
517 2652 653 2718 paruum
682 2638 732 2701 est
758 2636 910 2701 meritum
938 2635 1083 2711 coenobii
1111 2635 1330 2703 Cluniacensis

184 2750 354 2809 eteorum
383 2742 618 2818 coenobiorum,
652 2759 731 2823 quse
764 2744 821 2806 aut
848 2742 887 2808 ab
910 2741 968 2807 illo
990 2745 1155 2807 traxerunt
1177 2743 1331 2827 originem

184 2855 241 2915 unt
263 2852 330 2915 arte
357 2848 406 2913 illi
438 2848 659 2925 adhaerebant,
697 2846 885 2933 Trecense⁸)
923 2848 993 2913 dieo
1031 2852 1064 2913 et
1093 2848 1335 2923 Paternincense

184 2956 432 3021 Transiuranum
448 2958 481 3019 et
496 2953 668 3029 &oniense
683 2957 716 3019 et
729 2954 968 3037 Hirsaugiense.
987 2953 1073 3020 unde
1091 2959 1198 3019 autem
1217 2956 1335 3021 allatus

185 3065 230 3129 sit
250 3060 464 3129 bibliothecae
483 3060 686 3128 cluniacensi
710 3061 839 3147 grandis
861 3062 925 3127 iste
947 3060 1129 3138 thesaurus,
1151 3062 1246 3128 cuius
1263 3065 1336 3127 unte

184 3174 327 3237 ueterem
359 3169 542 3253 catalogum
574 3168 762 3252 parcissima
795 3171 846 3233 est
876 3164 1070 3249 momoria⁴l,
1103 3186 1166 3250 qua
1196 3168 1334 3252 regione,

232 3346 252 3410 ¹)
270 3342 325 3399 Cur
342 3344 371 3397 in
389 3344 466 3414 parto
484 3342 574 3413 priore
593 3340 721 3413 dirempti
740 3344 796 3396 sint
813 3342 879 3396 libri
897 3340 930 3396 de
943 3343 1135 3412 persecutione
1158 3344 1186 3395 et
1209 3342 1249 3396 ud
1266 3339 1335 3395 Scu-

181 3433 283 3503 palam
301 3450 318 3487 a
335 3433 448 3504 reliquis
467 3431 580 3498 duobus,
605 3432 651 3503 qni
674 3430 709 3487 ad
733 3448 842 3486 causam
866 3432 1082 3503 persecutionum
1100 3432 1240 3502 pertinent
1259 3430 1337 3486 Chri-

185 3523 335 3579 stiuuorum
354 3522 400 3591 (dc
416 3536 522 3579 corona
538 3521 646 3589 militis,
665 3521 706 3576 orl
721 3523 882 3591 martyrae),
900 3538 955 3576 non
973 3520 1064 3586 uideo.

231 3611 320 3680 blla
341 3612 371 3666 in
395 3614 472 3683 purte
494 3612 583 3682 prima
606 3612 751 3667 ooniunots
773 3614 817 3667 est
837 3612 968 3666 librorum
992 3612 1337 3691 antihaereticorumxpurs

187 3701 338 3770 mui0r3in
361 3700 619 3771 secundoprimum
642 3700 774 3755 babemus
803 3705 920 3771 quatuor
945 3700 1031 3755 libros
1058 3698 1093 3754 sd
1119 3700 1337 3770 persecutionem

186 3789 402 3862 Christianorum
420 3790 598 3860 pertinentes,
619 3788 717 3843 deinde
732 3792 857 3857 quatuor,
872 3789 919 3857 qui
933 3788 967 3843 de
981 3788 1126 3859 disciplina
1145 3787 1337 3854 ecelesiastica,

188 3878 305 3949 deniquo
322 3882 388 3945 tres,
408 3879 456 3949 qui
475 3878 508 3933 do
528 3878 656 3933 emtitate
675 3876 832 3933 Christiana
850 3882 945 3947 agunt.

233 3967 256 4035 ²¹)
275 3967 314 4022 Ex
332 3968 458 4023 Traceusi
477 3968 609 4023 coenobio
628 3970 715 4023 ortum
736 3982 795 4021 esso
814 3966 934 4021 codicem
951 3966 1220 4036 Moutepessulauum
1239 3964 1339 4019 docent

187 4056 274 4111 uerba
295 4057 411 4128 margini
432 4056 556 4113 inferiori
577 4056 637 4111 lolii
660 4056 740 4127 primi
758 4056 903 4125 inscripta:
926 4055 975 4111 Ea
998 4056 1077 4110 libris
1095 4054 1203 4125 collegii
1219 4054 1339 4109 oratorii

193 4146 343 4201 Trocmis.
362 4182 364 4185 -

235 4235 258 4301 ⁴)
276 4235 365 4290 Semel
382 4238 490 4291 tantm
507 4236 630 4291 thesauri
648 4235 730 4289 buius
748 4234 776 4289 in
796 4207 937 4289 remmon·
955 4234 1090 4303 catalogis
1112 4232 1213 4288 facturn
1231 4233 1339 4287 iuueni-

189 4339 251 4377 mua
272 4324 436 4379 memoriam.
464 4324 580 4395 legimus
605 4324 726 4379 enimin
754 4327 847 4379 uetere
870 4324 995 4393 catalogo
1021 4323 1208 4377 bibliothecae
1229 4322 1338 4376 Lauria-
