3250 4959
306 393 369 456 572
534 388 650 456 Quinti
671 390 814 461 Septimi
832 390 1004 445 Florenti·
1024 390 1231 445 Tertulliani

305 601 375 648 esse
408 604 425 649 a
453 585 523 669 lege
552 585 621 650 eius
651 584 711 662 dei,
745 604 840 668 quem
868 584 1075 667 reliquissent
1103 585 1200 649 alium
1230 585 1345 650 secuti.
1379 586 1453 668 quis

304 691 386 755 enim
416 695 595 774 expectaret
623 692 745 757 diutius
774 691 906 767 discere,
936 690 1021 775 quod
1045 710 1160 758 nouam
1184 691 1315 757 deberet
1337 693 1454 757 sectari

304 795 503 882 disciplinam
535 799 588 881 qui
617 817 734 863 nouum
765 798 859 863 deum
887 798 1081 880 recepisset?
1113 799 1210 863 immo
1239 798 1314 880 quia
1342 799 1453 863 eadem

304 903 430 986 quidem
450 904 600 970 diuinitas
619 904 861 988 praedicabatur
878 905 912 968 iu
931 905 1108 989 euangelio,
1132 924 1214 988 quae
1232 923 1361 988 semper
1378 908 1454 970 nota

302 1009 405 1074 iuerat
437 1011 468 1075 in
501 1010 584 1095 lege,
619 1010 787 1093 disciplina
819 1029 895 1074 uero
928 1028 990 1074 non
1023 1009 1144 1086 eadem,
1182 1009 1234 1074 hic
1261 1013 1331 1074 erat
1363 1013 1453 1076 totus
1484 1035 1497 1075 a

302 1117 497 1197 quaestionis
517 1119 632 1194 status,
652 1134 689 1180 an
708 1117 759 1181 lor
778 1116 928 1181 creatoris
948 1116 987 1181 ab
1003 1116 1168 1201 euangelio
1185 1115 1315 1181 deberet
1328 1116 1454 1181 excludi

302 1223 333 1286 iu
367 1221 493 1288 Christo
527 1223 687 1289 creatoris.
722 1221 857 1305 denique
890 1222 979 1287 aufer
1010 1221 1094 1287 hunc
1127 1225 1259 1301 statum,
1294 1226 1327 1286 et
1359 1226 1455 1287 uacat

302 1329 455 1412 quaestio.
479 1332 610 1394 uacante
634 1331 740 1394 autem
765 1321 963 1411 quaestione,
981 1329 1067 1394 ultro
1087 1328 1234 1394 omnibns
1253 1328 1455 1414 agnoscenti·

301 1435 361 1500 bus
392 1435 617 1500 discedendum
647 1435 708 1500 sibi
737 1453 807 1500 esse
835 1435 874 1500 ab
900 1434 1007 1500 ordine
1030 1435 1181 1500 creatoris
1203 1454 1260 1518 per
1281 1435 1380 1500 fidem
1404 1435 1454 1500 dei

302 1542 443 1620 alterius,
475 1542 564 1606 nullu
596 1541 741 1624 apostolo
774 1541 907 1606 materia
939 1541 1148 1625 competisset
1178 1541 1213 1606 id
1242 1545 1309 1607 tam
1342 1561 1453 1624 presse
1474 1563 1498 1602 o

302 1648 442 1730 docendi,
475 1648 561 1730 quod
587 1650 672 1714 ultro
701 1647 779 1713 tides
808 1649 882 1730 ipsa
908 1648 1071 1716 dictasset.
1104 1649 1203 1733 igitur
1224 1651 1294 1714 tota
1316 1649 1453 1715 intentio

301 1756 454 1839 epistolae
486 1755 581 1820 istius
618 1754 697 1820 nibil
731 1753 819 1819 aliud
856 1755 949 1820 docet
985 1773 1079 1838 quam
1116 1754 1197 1840 legis
1234 1755 1452 1821 decessionem

300 1862 479 1927 uenientem
505 1862 543 1927 de
567 1862 717 1926 creatoris
742 1860 961 1944 dispositione,
985 1864 1024 1926 ut
1044 1862 1147 1927 adhuc
1172 1880 1394 1946 suggeremus.
1424 1863 1453 1926 si

299 1969 377 2033 item
400 1968 519 2033 nullius
542 1969 617 2033 noui
642 1968 692 2033 dei
716 1968 814 2034 exerit
835 1968 1038 2046 mentionem,
1064 1967 1149 2052 quod
1170 1987 1329 2050 nusquam
1347 1969 1452 2054 magis

299 2075 429 2140 lecisset
452 2093 547 2158 quam
569 2074 602 2138 in
626 2073 690 2138 ista
711 2074 854 2152 materia,
877 2078 916 2139 nt
938 2075 1093 2140 rationem
1112 2074 1236 2139 scilicet
1254 2074 1451 2161 ablegandae
1468 2092 1494 2134 rs

298 2181 379 2266 legis
403 2181 498 2246 unica
516 2181 574 2246 hac
594 2183 625 2246 et
644 2179 918 2245 sufficientissima
938 2179 1118 2247 delinitione
1137 2185 1327 2266 proponeret
1343 2201 1455 2248 nouae⁴

300 2287 488 2362 diuinitatis,
518 2266 650 2369 apparet
673 2286 832 2370 quomodo
861 2286 992 2351 scribat:
1025 2287 1140 2352 miror
1166 2306 1234 2353 uos
1261 2292 1338 2353 tam
1366 2289 1443 2353 cito

299 2392 499 2457 transferri
523 2392 567 2457 ab
592 2412 645 2472 eo,
670 2393 734 2475 qui
758 2411 826 2457 uos
850 2393 1008 2459 uocauit
1024 2393 1061 2458 in
1079 2393 1250 2476 gratiam,
1274 2393 1442 2459 adalind

299 2496 550 2584 euangelium,
584 2517 620 2564 er
653 2500 894 2564 conuersatione
926 2499 1024 2577 aliud,
1056 2518 1119 2563 non
1147 2518 1182 2564 ex
1209 2499 1374 2584 religione,
1406 2519 1444 2566 er

298 2604 475 2688 disciplina,
514 2624 574 2670 non
608 2623 644 2669 ex
676 2605 855 2682 diuinitate,
893 2606 1039 2689 quoniam
1077 2605 1206 2689 quidem
1238 2607 1442 2690 euangelium
1458 2629 1485 2668 ιο

298 2711 418 2778 Christi
441 2712 551 2796 alege
575 2731 706 2777 euocare
730 2711 857 2776 deberet
880 2711 920 2776 ad
943 2713 1088 2796 gratiam,
1111 2731 1174 2777 non
1197 2731 1216 2776 a
1238 2716 1379 2777 creatore
1402 2713 1442 2778 ad

296 2818 394 2882 alium
410 2817 514 2889 deum.
533 2837 625 2883 nemo
640 2818 723 2882 enim
744 2818 819 2884 illos
837 2822 982 2882 mouerat
1000 2837 1019 2882 a
1036 2821 1186 2896 creatore,
1204 2821 1242 2882 ut
1258 2818 1443 2885 uiderentur

297 2925 342 2990 sic
371 2923 409 2988 ad
439 2925 525 2989 aliud
553 2925 756 3010 euangelium
780 2923 954 3002 transferri,
988 2925 1081 3007 quasi
1104 2924 1179 2989 dum
1203 2925 1243 2988 ad
1266 2928 1441 2990 creatorem

296 3030 537 3098 transferuntur.
560 3049 633 3096 uam
659 3034 691 3095 et
715 3031 864 3108 adiciens,
883 3029 968 3113 quod
986 3031 1074 3096 aliud
1093 3031 1294 3116 euangelium
1312 3031 1440 3096 omnino

295 3155 354 3201 non
379 3140 473 3215 esset,
498 3139 648 3202 creatoris
673 3138 837 3203 confirmat
860 3136 902 3213 id,
927 3137 1012 3219 quod
1036 3156 1106 3202 esse
1130 3137 1280 3202 defendit.
1304 3137 1332 3203 si
1356 3138 1439 3202 euim
1457 3160 1485 3201 a

296 3247 328 3307 et
345 3249 467 3309 creator
485 3246 685 3329 euangelium
704 3244 898 3327 repromittit
916 3244 1024 3309 dicens
1042 3263 1099 3326 per
1115 3243 1257 3309 Esaiam:
1282 3243 1440 3309 ascende

295 3349 330 3414 in
363 3353 527 3415 montem
561 3351 752 3416 excelsum
786 3351 850 3434 qui
879 3351 1122 3435 euangelinas
1152 3350 1268 3428 Sioni,
1299 3350 1439 3416 extolle

295 3474 424 3522 uocem
457 3456 493 3521 in
525 3457 697 3522 ualentia
731 3461 794 3522 tua
823 3457 886 3540 qui
915 3457 1159 3541 euangelizas
1183 3457 1438 3533 Hierusalem

294 3564 371 3628 item
400 3562 438 3628 ad
467 3565 684 3648 apostolorum
712 3583 895 3646 personam:
929 3582 1035 3646 quam
1068 3564 1293 3647 tempestiui
1324 3563 1439 3648 pedes

385 3823 429 3893 17]
450 3821 509 3878 oar.
530 3824 553 3887 1,
573 3825 598 3878 c.
649 3823 693 3893 aq
709 3823 742 3878 cf.
757 3821 817 3878 oar.
834 3825 857 3892 1,
875 3825 900 3878 c.
951 3823 1060 3894 acqua.
1079 3824 1167 3889 roo.
1217 3825 1263 3894 ao]
1283 3825 1329 3879 ss.
1348 3826 1393 3894 sa,
1412 3827 1439 3881 a.

331 4017 363 4071 12
387 4016 570 4071 decessionem
593 4017 661 4084 Mle,
685 4016 877 4072 discessionem
904 4016 1069 4085 Gelreliqur'
1141 4018 1175 4071 15
1198 4015 1368 4088 ablegandae
1392 4019 1439 4083 R',

294 4105 460 4174 ablegendae
478 4104 552 4158 lldlt1
633 4107 665 4159 lo
685 4105 916 4160 sufficientissima
934 4106 962 4173 (a
981 4121 1014 4160 ex
1033 4108 1058 4176 ς)
1076 4105 1114 4159 Μ
1184 4107 1216 4159 17
1235 4105 1339 4160 scribat
1356 4107 1438 4170 MR‘,

293 4194 396 4249 sciebat
415 4194 453 4246 pr
523 4195 605 4248 miror
622 4193 668 4262 12³,
686 4191 778 4248 mirari
796 4193 869 4248 Mlt¹
924 4194 955 4247 21
978 4211 1092 4248 auocare
1104 4195 1174 4262 sort.
1247 4195 1282 4249 23
1301 4195 1385 4250 alium
1403 4195 1441 4250 Μ

294 4283 459 4338 ascierim
478 4282 546 4350 MR,
566 4283 613 4337 scd
633 4285 703 4338 enim
725 4283 855 4338 Oeblcrus
