3250 4959
401 424 460 477 v11.
480 425 644 479 Aduersus
664 427 864 480 Marcionem
883 428 930 481 lib.
949 427 1013 484 llll.
1036 430 1112 481 1-3.
1262 432 1325 495 427

141 633 147 642 ·
177 620 279 683 menti
307 619 461 685 destituta
488 620 661 704 patrocinio
691 625 938 686 autecessorum.
976 622 1155 705 exigeretur
1183 621 1265 685 enirn
1294 622 1326 686 id

179 744 307 807 quoque
331 726 543 810 euangelium,
568 728 652 810 quod
672 728 791 791 Paulus
812 728 943 805 inuenit,
969 729 1019 791 cui
1040 728 1133 791 fidem
1154 728 1251 796 dedit.
1276 729 1328 792 cui

177 851 251 897 mox
271 852 365 897 suum
380 852 550 916 congruere
570 834 690 917 gestiit,
711 834 868 917 siquidem
888 838 1053 917 propterea
1071 835 1326 918 Hierosolymam

178 939 324 1002 ascendit
351 939 390 1002 ad
419 940 654 1023 cognoscendos
679 942 841 1021 apostolos
866 946 901 1011 et
922 942 1158 1019 consultandos,
1186 962 1224 1005 ne
1247 942 1328 1005 sorte

140 1045 210 1108 sin
240 1064 378 1109 uacuum
408 1048 611 1115 cucurrisset,
640 1048 671 1111 id
700 1052 750 1112 est
778 1068 816 1111 oe
845 1068 905 1112 nou
935 1048 1109 1113 secundum
1133 1048 1207 1111 illos
1231 1047 1328 1112 credi-

179 1152 282 1215 disset
310 1155 341 1216 et
369 1171 430 1216 non
459 1153 633 1218 secundum
659 1154 732 1219 illos
757 1155 997 1237 euangelizaret.
1028 1154 1163 1235 denique
1190 1158 1228 1217 ut
1255 1173 1327 1218 curn

179 1260 363 1323 auctoribus
389 1260 524 1325 contulit
552 1266 584 1325 et
607 1261 756 1325 conuenit
784 1261 823 1325 de
851 1261 960 1345 regula
987 1261 1071 1338 fidei,
1100 1260 1242 1325 dexteras
1270 1261 1328 1324 mi-

179 1369 331 1429 scuemnt
359 1370 390 1429 et
419 1366 528 1430 exinde
558 1367 662 1431 officia
689 1366 892 1449 praedicandi
921 1367 1141 1441 distinxerunt,
1166 1372 1203 1431 ut
1225 1366 1273 1429 illi
1295 1367 1327 1429 in

178 1472 324 1547 Iudaeos,
348 1472 467 1537 Paulus
493 1474 522 1537 in
546 1474 681 1538 Iudaeos
706 1479 738 1538 et
761 1474 790 1537 iu
817 1474 972 1537 nationes.
996 1475 1096 1557 igitur
1115 1474 1143 1537 si
1160 1474 1230 1555 ipse
1248 1472 1327 1535 iulu-

127 1600 157 1637 ιο
179 1579 319 1643 minator
341 1580 444 1643 Lucae
473 1581 695 1645 auctoritatem
726 1585 963 1645 antecessorum
992 1585 1025 1644 et
1051 1580 1123 1643 fidei
1152 1584 1184 1643 et
1207 1580 1328 1661 praedi-

179 1686 296 1749 cationi
324 1704 400 1750 suae
429 1686 561 1769 optauit,
590 1690 706 1768 quanto
736 1687 839 1771 magis
869 1706 937 1750 eam
961 1686 1126 1770 euangelio
1150 1686 1255 1750 Lucae
1279 1706 1328 1749 err·

177 1790 349 1874 postulem,
375 1812 453 1874 quae
478 1794 642 1876 euangelio
668 1794 815 1878 magistri
840 1793 907 1857 eius
932 1794 994 1857 fuit
1017 1793 1216 1856 necessaria?

224 1900 253 1961 3.
277 1899 375 1963 Aliud
394 1903 453 1977 est,
473 1900 501 1963 si
519 1920 616 1981 penes
636 1901 828 1965 Marcionem
849 1920 867 1964 a
887 1900 1082 1981 discipulatu
1101 1899 1204 1962 Lucae
1224 1898 1329 1980 coepit

178 2004 343 2087 religionis
368 2004 564 2071 Christianae
588 2012 833 2071 sacramentum.
858 2012 996 2070 ceterum
1022 2006 1050 2070 si
1074 2018 1106 2070 et
1128 2010 1210 2070 retro
1235 2006 1328 2068 decu-

129 2112 288 2185 recurrit,
321 2110 433 2175 habuit
465 2114 575 2194 utique
608 2114 824 2178 authenticam
857 2119 1048 2195 paraturam,
1082 2132 1138 2195 per
1166 2130 1259 2194 quam
1289 2112 1328 2174 ad

179 2216 298 2281 Lucam
335 2238 437 2300 usque
475 2221 630 2301 peruenit,
669 2220 759 2284 cuius
797 2220 981 2283 testimonio
1020 2218 1192 2283 adsistente
1224 2218 1327 2282 Lucas

181 2343 308 2406 quoque
340 2325 445 2408 possit
476 2326 612 2391 admitti.
646 2328 700 2391 sed
734 2327 818 2391 enim
845 2326 986 2390 Marcion
1014 2330 1127 2389 nactus
1160 2324 1329 2405 epistolam

180 2428 274 2494 Pauli
302 2428 342 2493 ad
371 2430 512 2507 Galatas,
541 2433 638 2496 etiam
665 2434 752 2515 ipsos
782 2433 943 2516 apostolos
972 2431 1177 2515 suggillantis
1204 2432 1328 2494 utnon

181 2540 269 2601 recto
298 2536 378 2619 pede
401 2538 583 2603 incedentes
608 2539 646 2603 ad
670 2540 838 2603 ueritatem
868 2539 1035 2621 euangelii.
1064 2536 1161 2601 simul
1184 2540 1217 2599 et
1239 2554 1329 2600 accu-

131 2666 164 2707 so
182 2644 283 2707 santis
328 2644 614 2728 pseudoapostolos
661 2645 815 2726 quosdam
860 2648 1077 2727 peruerteutes
1128 2644 1330 2726 euangelium

182 2749 312 2828 Christi,
332 2751 483 2815 conititur
502 2752 540 2815 ad
561 2750 786 2816 destruendum
807 2752 927 2814 statum
948 2770 1055 2814 eorum
1081 2749 1329 2832 euangeliorum,

182 2876 264 2939 quae
291 2859 417 2940 propria
446 2862 477 2922 et
505 2859 564 2922 sub
593 2858 810 2940 apostolorum
839 2858 964 2921 nomine
993 2856 1129 2920 eduntur
1156 2855 1329 2919 ueletiam

182 2963 441 3045 apostolicomrn,
471 2968 507 3028 ut
529 2965 653 3029 scilicet
675 2963 781 3044 tidem,
811 2983 905 3045 quam
929 2963 994 3026 illis
1020 2963 1142 3039 adimit,
1171 2980 1228 3026 suo
1259 2980 1331 3024 con-

181 3072 272 3135 ferat.
301 3090 392 3152 porro
422 3072 481 3136 etsi
510 3072 719 3154 reprehensus
744 3076 794 3135 est
817 3070 931 3134 Petrus
956 3073 988 3132 et
1010 3070 1165 3133 Iohannes
1190 3074 1222 3131 et
1245 3068 1330 3131 Iaco-

132 3199 162 3238 2⁵
181 3178 254 3255 bus,
278 3177 333 3259 qui
355 3178 616 3243 existimabantur
640 3179 815 3255 columnae,
834 3177 1003 3241 manifesta
1026 3178 1204 3239 causaest:
1225 3194 1331 3255 perso·
1442 3212 1448 3225 ·

182 3302 294 3347 uarum
318 3284 400 3347 enim
424 3290 571 3367 respectu
594 3285 783 3348 uidebantur
807 3283 929 3347 uariare
953 3282 1145 3346 conuictum.
1171 3285 1202 3343 et
1224 3286 1329 3343 tamen

183 3409 257 3453 cum
281 3389 349 3471 ipso
371 3388 491 3454 Paulus
516 3390 662 3454 omuibus
687 3390 792 3454 omnia
815 3390 914 3469 fieret,
942 3393 979 3451 ut
1006 3406 1115 3451 omnes
1144 3387 1329 3460 lucraretur,

181 3496 290 3579 potuit
321 3500 354 3560 et
380 3496 475 3560 Petro
507 3496 567 3561 hoc
599 3497 631 3561 iu
663 3498 795 3561 consilio
824 3496 925 3560 fuisse
955 3494 1074 3575 aliquid
1103 3494 1195 3556 aliter
1218 3492 1331 3575 agendi

272 3652 351 3721 dlcl.
372 3652 431 3710 Gal.
452 3655 476 3715 2,
497 3657 521 3710 2.
576 3656 604 3724 8}
626 3656 658 3709 cl.
679 3654 739 3709 Gal.
760 3656 784 3721 2,
805 3656 830 3707 9.
887 3655 931 3721 18]
953 3652 986 3709 ci.
1006 3651 1065 3706 Gal.
1085 3653 1109 3720 2,
1132 3651 1173 3704 14.
1230 3650 1272 3718 19]
1294 3649 1327 3703 cf.

182 3740 243 3795 Gal.
257 3742 284 3808 2,
298 3744 323 3795 4.
373 3744 417 3811 25]
439 3742 471 3798 el.
493 3742 551 3797 Gal.
572 3744 596 3811 2,
617 3746 641 3795 9.
697 3742 952 3813 anctlcocs,
974 3742 1014 3793 19.

219 3865 236 3917 2
265 3864 341 3919 dedit
363 3866 405 3934 M,
434 3866 540 3920 dedidit
563 3868 682 3936 Raulpo
748 3868 762 3919 7
794 3873 822 3919 et
849 3870 874 3930 le
902 3865 936 3918 irc
958 3864 1011 3930 tir.)
1035 3864 1072 3917 M
1141 3861 1264 3915 dexteras
1287 3861 1330 3927 M,

181 3953 332 4009 dextrasR
403 3956 570 4009 miscuerunt
587 3958 629 4015 M.
649 3955 914 4023 miscuereRuulpo
969 3951 1094 4006 soltreia
1107 3950 1144 4018 R,
1164 3950 1253 4021 officio
1268 3949 1333 4002 ΜΡ

182 4054 199 4105 9
220 4052 242 4105 ai
260 4052 319 4122 ipse
337 4053 373 4115 R,
393 4030 443 4123 sup
463 4070 491 4106 sc
506 4054 543 4106 M
597 4054 629 4107 10
649 4058 711 4107 aute
731 4070 865 4107 cessurum
879 4052 916 4105 M
985 4050 1048 4102 fidei
1068 4048 1140 4118 (syll.
1160 4048 1194 4102 de
1212 4049 1244 4100 in
1261 4052 1330 4113 ras.)

183 4140 221 4195 Μ
257 4143 289 4195 17
305 4142 499 4212 epistolamM,
511 4143 692 4212 epistularnll
731 4144 763 4195 18
779 4141 1030 4210 galathasM(pr0
1044 4138 1128 4204 ancre)
1165 4137 1332 4206 20pseudo-

183 4231 323 4298 apostolos
342 4229 412 4297 MF,
432 4232 656 4301 pseudapostolos
675 4232 795 4300 Rea-rdpo
860 4230 894 4283 23
914 4229 1016 4282 ademit
1036 4228 1099 4295 Eup
1153 4228 1187 4280 26
1206 4231 1331 4295 respectu

183 4322 212 4385 (n
232 4334 265 4373 ca
284 4335 300 4371 a
319 4337 336 4371 a
355 4324 434 4377 m.1t
455 4320 490 4371 M
