3250 4959
263 404 340 470 Vlll
728 399 944 455 Praelatio.

257 598 319 669 hoc
343 616 473 683 corpore
496 597 712 664 Tertullianeo
737 600 770 662 ot
792 616 829 663 er
851 596 933 680 ipsis
956 598 1076 665 ueteris
1103 597 1243 684 catalogi
1269 597 1412 683 uerbis1)
1528 614 1531 617 ·

258 708 389 789 apparet
407 708 440 771 et
459 723 495 771 ex
510 704 793 787 Montepessulauo
814 703 938 782 codice;
953 703 1145 771 immunudi
1163 707 1272 773 antem
1291 704 1412 776 ordinis

257 811 412 877 librorum
436 810 659 896 quaesierint
681 829 808 889 causae,
832 810 1013 876 accuratius
1035 810 1228 879 examinanti
1249 810 1414 880 hauddii·
1454 802 1457 807 ’

259 917 344 984 ficile
362 919 439 987 erit
466 918 630 1002 suspicari.
662 917 718 1001 qui
747 916 831 983 enim
859 917 1007 985 examinat
1034 935 1070 983 er
1098 917 1269 1003 uchetypo
1293 918 1412 987 libram

258 1024 544 1103 Paterniecensem‚
574 1044 648 1091 oum
681 1024 840 1109 exemplar
867 1044 963 1091 suum
991 1023 1215 1109 descripsisset
1241 1044 1344 1108 usque
1373 1026 1414 1092 ad

257 1130 376 1197 librum
400 1130 554 1197 aduersos
583 1130 835 1209 Valentinianos,
857 1130 1114 1197 animaduertere
1132 1131 1294 1217 ingentem
1311 1132 1414 1206 ambi·

260 1243 329 1303 tum
345 1238 662 1322 operisinsequentis
682 1238 849 1324 (librorum
864 1238 1004 1322 quinque
1020 1237 1177 1303 alnam
1189 1238 1414 1326 Marciam),

262 1346 321 1411 hos
344 1344 443 1411 libros
466 1364 526 1411 suo
550 1344 728 1411 destinasse
750 1344 880 1411 ffldetur
906 1344 1097 1431 uoluminil)
1130 1349 1164 1412 et
1194 1365 1250 1432 pro
1283 1346 1350 1415 illis
1378 1366 1416 1414 er

262 1452 361 1517 altero
385 1451 548 1537 archetypi
571 1450 733 1519 uolumine
756 1450 966 1519 substituisse
988 1470 1043 1519 eos
1063 1455 1199 1535 quamor
1216 1452 1317 1519 libros
1335 1453 1415 1519 anti·

262 1558 449 1637 haereticos,
474 1558 529 1642 qui
548 1559 645 1625 etiam
668 1576 724 1641 pro
747 1577 855 1625 rerum
877 1558 1074 1644 argumentis
1093 1558 1308 1644 coniungendi
1327 1564 1415 1627 erant

262 1682 334 1731 cum
367 1664 500 1749 reliquis
533 1664 781 1744 aethaereticis
815 1684 896 1747 quos
923 1665 1019 1732 modo
1048 1664 1272 1749 descripserat
1304 1665 1414 1731 eadem

262 1774 368 1837 autem
401 1771 460 1837 hac
492 1771 613 1837 ratione
641 1770 775 1857 cogendi
801 1770 836 1837 in
857 1790 957 1837 unum
980 1771 1080 1838 libros
1101 1772 1347 1839 antihaereticos
1371 1772 1415 1855 (in

262 1879 432 1963 archetypo
457 1877 670 1957 cluniacensi,
693 1886 730 1945 ut
751 1878 847 1947 docet
867 1878 1071 1945 Florentiuus
1088 1878 1134 1960 N,
1152 1880 1329 1945 miserrime
1352 1880 1416 1947 dis·

261 1985 378 2072 iectos)
411 1986 527 2052 ductus
557 2005 628 2053 esse
650 1986 779 2053 uidetur
802 1987 857 2070 qui
880 1986 1127 2071 Hirsaugienses
1151 1986 1281 2070 scripsit
1302 1987 1415 2067 libres,

263 2112 325 2175 qua
358 2091 487 2176 quidem
514 2093 547 2158 in
575 2112 619 2173 re,
651 2096 689 2159 ut
711 2092 816 2179 magis
840 2091 1032 2182 adaequaret
1055 2093 1190 2172 duorum
1213 2093 1415 2169 uoluminum

262 2197 428 2279 ambitum,
460 2199 560 2265 libros
589 2186 631 2265 ‘dc
662 2220 756 2265 corno
784 2197 905 2279 cinisii
922 2192 970 2269 ¹et
999 2198 1038 2267 cle
1057 2200 1174 2266 -carnis
1190 2202 1417 2266 resroreclc'one

266 2387 372 2444 Contra
389 2389 514 2445 Iudaeos
841 2390 986 2445 Aduersus
1002 2359 1095 2446 ornnes
1111 2391 1236 2447 taenea

263 2476 407 2533 Asinaeus
425 2493 517 2533 onnes
534 2476 685 2533 haereticos
840 2478 885 2534 De
896 2480 1167 2549 praescriptionrlrne
1183 2480 1382 2536 nwenconrn

263 2566 308 2621 De
320 2566 541 2636 praeentiam
558 2566 759 2623 haereticoram
839 2569 985 2625 Adam
1001 2570 1197 2640 Herrnopenem

264 2654 408 2711 Adoneae
425 2654 622 2727 Hermoyenem

333 2796 440 2853 Codex
458 2797 775 2870 Montepeesalanue
930 2798 1039 2855 Codex
1056 2801 1331 2857 Paternieocnsis

474 2890 555 2957 (seeo.
573 2888 634 2959 Xl):
1049 2894 1130 2956 (seeo.
1148 2890 1212 2960 Xl):

264 2976 309 3031 De
322 2977 466 3046 patientia
841 2976 885 3033 De
899 2978 1043 3048 patientia

265 3064 536 3121 Deeaeanlnieri
842 3065 1419 3135 Deaeracarrredorcini(=decarne

266 3152 310 3207 De
328 3154 422 3209 aaran
439 3156 636 3211 resurreetione
880 3154 999 3222 Christe)
1339 3180 1343 3189 ·

267 3242 411 3297 Aduersus
428 3242 571 3299 Procerum
843 3242 888 3298 De
906 3243 1000 3298 carnis
1017 3246 1214 3299 resurrectione

266 3329 409 3386 Adnersne
431 3330 648 3391 Valentinianos
841 3332 986 3387 Aduersus
1001 3332 1144 3387 Praaearn

267 3418 411 3475 Adnerenc
428 3420 602 3477 Marcionem
620 3422 686 3477 libri
708 3421 734 3476 V
844 3421 987 3476 Aduerens
1009 3421 1223 3476 Valentinianos

269 3508 489 3579 (Apolopcticnc)
843 3510 988 3565 Adnnerer
1005 3510 1130 3565 Indaeoe

842 3599 987 3654 Adnersne
1004 3614 1097 3653 omnes
1113 3598 1237 3653 lraermr

843 3688 889 3743 De
903 3688 1122 3758 praescriptione
1136 3688 1335 3744 laneficornrn

843 3777 989 3832 Adnerenc
1005 3776 1208 3848 Hermopereerr.

316 3864 335 3933 ¹)
357 3862 473 3936 Legitur
500 3865 572 3920 enirn
599 3866 628 3919 in
656 3866 796 3936 catalogo:
824 3867 947 3922 eontinet
969 3866 1059 3922 &cerr
1081 3867 1167 3923 lrlrroe
1192 3866 1366 3922 Tertulliani
1387 3872 1417 3921 el

270 3954 519 4026 opolcyeticnm
542 3955 614 4010 eine
636 3958 664 4011 ct
682 3956 710 4011 iu
728 3956 970 4028 Montepesrulano
988 3954 1097 4011 eddidit
1113 3957 1187 4012 hune
1204 3957 1305 4011 librum
1322 3972 1419 4011 manae

270 4043 325 4097 alia
343 4044 486 4097 recentior.

315 4129 384 4198 ²)ln
408 4132 463 4187 trie
484 4132 571 4203 igilur
592 4134 733 4189 uolumina
755 4134 923 4205 disposuisse
947 4134 1056 4190 uidetur
1083 4151 1166 4204 opera
1188 4132 1360 4200 Tertulliani,
1388 4148 1420 4186 er

271 4220 369 4291 quibus
392 4238 475 4275 unum
499 4221 534 4276 ed
556 4238 606 4277 nos
628 4224 763 4293 peruenit.
786 4241 852 4278 num
880 4223 1025 4295 perfecerit
1047 4222 1120 4293 quod
1148 4222 1202 4277 sibi
1232 4224 1420 4291 proposuerat,

271 4326 325 4364 non
343 4312 436 4379 potest
455 4310 517 4365 dici.
