3250 4959
333 373 397 436 602
566 367 684 433 Quinti
704 366 846 437 Septimi
864 366 1035 421 Florentia
1054 365 1259 420 Tertulliani

330 564 609 648 c01·puS‚corporis
625 565 684 629 erit
698 565 898 630 resurrectio.
919 564 966 630 sic
980 568 1013 629 et
1025 564 1266 630 resurrectionis
1284 563 1479 629 uocabulum

332 691 393 737 nou
409 671 502 736 aliam
517 691 582 736 ram
603 672 745 737 uindicat
763 690 859 754 quam
879 690 958 754 quae
976 669 1100 737 cecidit.
1120 688 1251 756 surgere
1270 671 1355 736 euim
1374 673 1481 752 potest

332 777 395 843 dici
430 781 461 843 et
489 776 573 861 quod
602 777 729 843 omuino
757 796 819 842 non
847 777 973 854 cecidit,
1007 775 1092 859 quod
1116 795 1240 860 semper
1261 780 1348 840 retro
1370 775 1478 840 iacuit

330 903 496 970 resurgere
520 890 628 949 autem
653 903 713 948 non
739 888 790 949 est
810 884 874 950 nisi
897 884 977 960 ciue,
1001 885 1087 967 quod
1105 882 1233 960 cecidit;
1257 883 1379 947 iterum
1397 882 1479 946 enirn

332 990 499 1075 surgendo,
520 992 594 1074 quia
613 991 738 1070 cecidit,
757 1009 922 1075 resurgere
937 990 1064 1056 dicitur.
1080 992 1134 1055 ‘re‘
1147 990 1233 1054 enim
1247 990 1374 1072 syllaba
1388 989 1479 1053 itera·
1504 1010 1519 1048 s

331 1097 410 1161 tioni
429 1116 555 1180 semper
574 1098 751 1164 adhibetur.
773 1099 884 1164 cedere
909 1117 983 1183 ergo
1007 1098 1143 1163 dicimus
1168 1115 1283 1180 corpus
1305 1097 1341 1160 in
1365 1101 1478 1160 terram

331 1222 387 1285 per
401 1208 545 1282 mortem,
561 1205 647 1270 sicut
665 1209 697 1270 et
715 1224 765 1270 res
785 1205 856 1288 ipsa
874 1208 1011 1270 testatur
1026 1223 1063 1268 ex
1081 1204 1133 1268 dei
1150 1205 1231 1289 lege.
1250 1201 1378 1285 corpori
1397 1203 1478 1268 euim

333 1309 453 1376 dictum
478 1314 541 1376 est:
566 1314 666 1376 terra
690 1330 727 1376 cs
752 1316 788 1376 et
811 1312 848 1375 in
871 1314 1009 1375 terram
1037 1311 1123 1376 ibis.
1146 1310 1193 1375 ita
1215 1310 1301 1394 quod
1329 1309 1371 1375 de
1399 1315 1480 1376 tem

331 1420 382 1480 ast
403 1417 464 1481 ibit
486 1417 517 1481 iu
541 1422 669 1494 terram,
693 1419 753 1483 hoc
773 1417 860 1484 cadit
878 1418 961 1501 quod
980 1419 1012 1482 ia
1032 1421 1147 1482 terram
1165 1417 1237 1496 ibit,
1260 1417 1322 1483 hoc
1342 1416 1481 1501 resurgit

329 1523 417 1606 quod
437 1524 531 1589 cedit.
598 1521 692 1602 Quia
716 1544 780 1608 per
803 1525 991 1590 homiuem
1012 1543 1122 1601 mors,
1147 1530 1182 1588 et
1206 1543 1270 1607 per
1292 1523 1518 1588 hominene

330 1631 571 1695 resurrectio.
595 1631 648 1696 hic
670 1631 751 1696 mihi
774 1635 806 1696 et
829 1631 948 1697 Christi
970 1650 1085 1714 corpus
1104 1630 1283 1696 ostenditur
1299 1630 1335 1694 in
1354 1631 1481 1696 nomina

328 1736 481 1816 hominis,
519 1739 573 1820 qui
607 1743 730 1804 constat
763 1757 799 1802 er
833 1758 973 1822 corpore,
1010 1743 1048 1802 ut
1079 1757 1173 1821 saepe
1203 1737 1268 1802 iam
1301 1737 1481 1802 docuimus

332 1845 447 1926 quodsi
471 1845 517 1910 sic
544 1846 576 1908 in
602 1845 729 1910 Christo
756 1845 961 1910 uiuificamur
987 1864 1108 1922 omncs,
1141 1845 1227 1909 sicut
1252 1843 1482 1909 mortificamur

331 1950 364 2014 iu
387 1950 499 2027 Adam,
528 1951 652 2034 quando
675 1951 707 2016 in
730 1951 834 2016 Adam
858 1970 987 2035 corpore
1010 1951 1248 2027 mortificemur,
1276 1950 1324 2014 sic
1348 1968 1480 2014 necesse

333 2059 383 2121 est
415 2060 449 2122 et
479 2057 510 2121 in
540 2058 667 2123 Christo
703 2053 857 2142 [corpore]
885 2059 1097 2123 uiuificcmur.
1130 2061 1272 2123 ceterum
1300 2054 1479 2120 similitudo
1495 2073 1519 2114 a

331 2181 394 2227 nou
428 2169 563 2243 constat,
601 2165 630 2229 si
665 2183 727 2229 non
759 2166 790 2230 iu
826 2164 935 2230 eadem
967 2162 1148 2230 substantia
1178 2161 1419 2228 mortificationi
1448 2161 1479 2224 in

335 2268 437 2334 Adam
461 2271 635 2337 uiuificatio
660 2274 826 2338 concurrat
846 2273 879 2336 iu
904 2272 1041 2338 Christo.
1065 2270 1122 2336 ssd
1142 2269 1336 2353 interposuit
1358 2266 1478 2350 aliquid

333 2373 437 2439 adhuc
465 2375 503 2440 de
528 2376 654 2442 Christo
684 2381 717 2442 et
742 2381 871 2461 propter
897 2381 1095 2459 praesentem
1124 2375 1390 2459 disceptationem
1417 2393 1476 2440 non

331 2480 552 2546 omittendum.
579 2485 668 2549 tanto
696 2483 798 2567 magis
827 2483 910 2547 enim
937 2481 1124 2566 probabitur
1151 2482 1252 2547 carnis
1275 2481 1475 2559 resurrectio,

329 2590 448 2669 quanto
463 2588 624 2653 Christum
645 2591 714 2654 eius
734 2589 785 2654 dai
803 2588 981 2668 ostendero,
1000 2588 1085 2672 apud
1104 2607 1199 2671 quem
1217 2587 1356 2652 creditur
1374 2588 1475 2653 carnis
1489 2609 1515 2648 so

329 2695 529 2762 resurrectio.
554 2715 627 2761 cum
651 2695 743 2762 dicit:
765 2701 916 2778 oportet
938 2697 1036 2760 euim
1058 2715 1215 2781 regnare
1238 2714 1332 2774 eum,
1360 2694 1474 2760 donec

331 2807 445 2883 ponat
466 2802 754 2893 inimicosueius
784 2804 852 2869 sub
880 2803 994 2887 podes
1022 2803 1116 2880 sius,
1147 2801 1211 2866 iam
1234 2801 1362 2887 quidem
1387 2807 1420 2868 et
1440 2820 1475 2866 ar

331 2907 392 2972 hoc
415 2909 551 2974 ultorem
576 2909 670 2973 deum
695 2908 790 2974 edicit
814 2913 909 2992 atque
929 2907 1040 2974 exinde
1057 2909 1173 2992 ipsum,
1197 2908 1253 2991 qui
1269 2909 1330 2973 hoc
1348 2907 1475 2973 Christo

331 3015 561 3098 repromiserit:
586 3016 673 3082 sede
698 3016 741 3081 ad
765 3017 956 3083 dexteram
975 3035 1102 3093 meam,
1127 3015 1243 3082 donec
1260 3035 1392 3098 ponam
1411 3015 1475 3080 ini·

330 3123 449 3189 micea
469 3125 555 3189 tuos
576 3123 784 3190 scabellum
804 3124 939 3208 pedum
956 3127 1118 3188 tuorum.
1147 3123 1294 3206 uirgam
1312 3121 1472 3188 uirtutis
1488 3141 1512 3182 a

420 3333 447 3401 8]
467 3332 578 3399 Gend,
599 3333 639 3387 19.
687 3333 965 3402 10]100r.15.21.
1018 3332 1061 3401 13]
1080 3330 1226 3387 ciICor.
1248 3332 1289 3391 15.
1308 3331 1351 3384 22.
1401 3329 1475 3401 2111

330 3419 392 3474 Cor.
413 3421 454 3478 15.
474 3421 517 3474 25.
573 3421 683 3490 241Ps.
704 3423 762 3492 109,
784 3424 862 3476 1-2.

368 3545 384 3600 9
403 3544 478 3600 cadit
497 3545 676 3600 Odoacaac'ua:
695 3545 752 3600 abit
770 3546 834 3600 MR
936 3547 989 3600 ibit
1005 3545 1077 3605 MR.
1096 3544 1155 3600 abit
1175 3544 1353 3600 cromanius:
1369 3561 1417 3613 apa
1435 3559 1475 3596 are

331 3634 374 3686 ita
401 3633 581 3688 decertandas
602 3635 807 3690 acraborum
830 3634 898 3690 ordo
926 3635 1045 3689 haesito:
1067 3633 1140 3703 quod
1166 3634 1194 3687 in
1217 3638 1317 3687 terram
1340 3633 1401 3696 ibit,
1423 3632 1474 3686 hoc

328 3719 418 3786 cedia
442 3721 513 3791 quod
537 3721 619 3787 cadit,
642 3723 694 3776 hoe
717 3723 837 3792 resurgit
918 3723 951 3777 14
974 3723 1168 3777 mortificemur
1189 3721 1260 3786 MR,
1282 3721 1476 3775 mortificamur

327 3809 465 3865 ‚Oeblerus
512 3810 543 3864 15
553 3814 582 3864 ct
591 3811 617 3863 in
630 3809 738 3865 Christo
748 3810 831 3869 MR¹.
846 3809 993 3873 delarue
1006 3811 1358 3881 armaquearmaque·
1416 3825 1474 3865 cor·

331 3915 397 3969 pore
410 3899 509 3954 seclusi
524 3903 574 3964 (est
586 3901 858 3968 interpretamentum
869 3901 1002 3956 uocabat·
1014 3901 1065 3966 sic)
1102 3901 1135 3954 16
1148 3900 1350 3955 mortificationi
1363 3901 1475 3968 carpti:

330 3989 549 4042 mortificationis
566 3988 628 4044 MR
684 3991 715 4043 17
736 3989 840 4059 aliquid
857 3989 946 4044 adhuc
962 3989 1006 4057 M,
1024 3989 1113 4044 adbuc
1130 3988 1235 4059 aliquid
1251 3988 1280 4044 R
1337 3989 1373 4042 22
1390 3993 1475 4058 ponat

329 4077 413 4140 Mat
430 4093 530 4146 ponam
547 4076 588 4132 12¹
627 4079 699 4132 ocius
718 4078 755 4132 M
771 4078 877 4146 (priore
895 4080 968 4145 loco,·
985 4078 1098 4148 syllaba
1115 4079 1141 4132 ai
1159 4078 1190 4131 ia
1208 4077 1261 4142 lit.)
1303 4077 1338 4132 23
1357 4077 1474 4130 ultorem

331 4165 413 4229 MR³‚
432 4167 563 4220 cultorem
581 4165 621 4221 R¹
657 4167 691 4220 24
711 4165 796 4220 donec
814 4170 856 4235 (ec
874 4184 908 4222 aa
926 4185 968 4222 am
986 4183 1056 4223 corr.
1074 4184 1109 4224 m.
1127 4170 1154 4232 1)
1172 4167 1211 4220 Μ
1247 4166 1413 4220 aetertum
1430 4165 1473 4232 M,

331 4253 442 4308 uirtutis
459 4259 523 4310 tuae
542 4255 661 4324 Ruolpo
