3250 4959
328 427 391 488 124
551 421 668 488 Quinti
688 421 828 490 Septimi
849 421 1021 475 Florentia
1041 420 1249 474 Tertulliani

326 623 358 682 et
382 617 509 700 quidem
533 617 666 702 integra.
690 617 721 681 in
747 617 890 700 deposito
916 622 964 681 est
988 616 1180 699 ubicumque
1200 615 1283 698 apud
1302 615 1398 680 deum
1421 635 1478 697 per

325 722 549 788 fidelissimum
584 728 782 807 sequestrem
816 723 866 787 dei
900 727 931 787 et
963 723 1127 786 hominum
1161 724 1268 787 lesum
1302 721 1477 798 Christum,

327 830 381 911 qui
404 835 435 894 et
458 830 578 895 homini
607 829 701 894 deum
731 836 762 894 et
789 829 950 894 hominem
979 829 1037 893 deo
1062 829 1182 906 reddet,
1214 829 1299 893 carni
1328 829 1474 912 spiritum

326 939 359 1000 et
391 936 516 1019 spiritui
551 956 684 1002 carnem.
718 941 890 1019 utrumque
923 937 986 999 iam
1019 936 1050 999 in
1083 935 1256 1018 semetipso
1289 935 1475 1023 foederabit,

326 1063 475 1125 sponsam
504 1063 620 1125 sponso
649 1048 682 1107 et
711 1062 864 1124 sponsum
893 1061 1028 1124 sponsae
1058 1042 1261 1124 comparauit.
1290 1062 1362 1106 nam
1392 1043 1474 1107 etsi
1504 1059 1516 1097 ⁵

325 1151 461 1214 animam
486 1151 557 1232 quis
579 1149 775 1214 contenderit
799 1169 957 1232 sponsam,
986 1149 1039 1212 uel
1063 1147 1146 1213 dotis
1174 1151 1300 1214 nomine
1324 1155 1477 1232 sequetur

326 1256 463 1320 animam
488 1275 568 1320 οπο.
591 1276 651 1322 non
677 1257 736 1320 erit
760 1257 864 1319 anima
891 1256 1075 1337 prostituta,
1104 1259 1141 1318 ut
1168 1256 1252 1319 nuda
1282 1256 1476 1339 suscipiatur

326 1381 485 1445 asponso.
505 1363 602 1427 babet
616 1363 875 1437 instrumentum,
896 1362 991 1425 habet
1011 1364 1146 1437 cultum,
1166 1363 1263 1427 habet
1280 1363 1473 1446 mancipium

326 1489 419 1533 suum
440 1489 577 1546 earnem;
602 1473 639 1534 ut
658 1471 852 1534 collactanea
873 1469 1086 1533 comitabitur.
1112 1469 1168 1533 sed
1189 1489 1259 1534 caro
1280 1472 1330 1533 est
1349 1489 1474 1553 sponsa,

327 1595 405 1658 quae
438 1580 469 1639 et
501 1577 532 1639 iu
567 1575 694 1641 Christo
728 1576 800 1640 Iesu
835 1577 981 1659 spiritum
1016 1595 1167 1659 sponsum
1202 1596 1257 1659 per
1288 1577 1472 1660 sanguinem
1491 1593 1512 1630 1⁰

325 1700 419 1764 passa
443 1690 499 1747 est.
525 1681 620 1745 buius
644 1682 821 1749 interitum.
847 1700 940 1762 quem
964 1688 1070 1762 putas,
1095 1700 1261 1745 secessum
1286 1682 1369 1746 scias
1390 1702 1472 1747 esse:

325 1807 386 1850 non
406 1788 474 1852 sola
493 1789 597 1852 anima
617 1788 794 1870 seponitur3
817 1788 912 1851 babet
932 1793 964 1851 et
983 1807 1053 1852 caro
1075 1807 1222 1852 secessus
1242 1807 1318 1852 suos
1338 1789 1472 1864 interim,

325 1895 356 1957 iu
389 1895 490 1976 aquia,
527 1896 559 1959 in
591 1896 731 1979 ignibus,
765 1896 795 1959 iu
830 1895 973 1970 alitibus
1006 1896 1037 1958 io
1070 1895 1195 1962 bestiis.
1229 1914 1301 1959 oum
1332 1896 1365 1958 in
1399 1897 1473 1960 haec

326 2000 459 2064 dissolui
494 2001 630 2079 uidetur,
664 2004 754 2065 uelut
781 2003 812 2065 iu
842 2021 921 2064 uasa
948 2001 1190 2065 transfunditur.
1225 2002 1252 2065 si
1281 2002 1378 2066 etiam
1407 2003 1473 2086 ipsa

325 2125 402 2171 uasa
427 2107 610 2184 defecerint,
636 2127 707 2171 cum
733 2109 770 2172 de
795 2109 861 2173 illis
886 2127 1011 2190 quoque
1031 2108 1188 2172 effluxerit
1205 2109 1237 2172 in
1257 2127 1348 2172 suam
1367 2109 1509 2174 matri-1⁵

326 2232 394 2277 cem
418 2217 532 2278 terram
558 2216 649 2296 quasi
673 2235 728 2297 per
752 2216 914 2298 ambages,
939 2215 1130 2291 resorbetur,
1159 2219 1196 2278 ut
1223 2235 1334 2279 rursus
1359 2234 1395 2278 er
1417 2216 1468 2278 illa

325 2324 578 2403 repraesentetur
597 2321 696 2385 Adam
718 2322 885 2386 auditurus
906 2340 923 2385 a
943 2320 1083 2385 domiuo:
1105 2339 1194 2385 ecce
1213 2321 1334 2384 Adam
1356 2321 1469 2405 quasi

325 2445 426 2492 rinus
461 2447 503 2492 er
536 2427 653 2491 nobis
686 2429 824 2492 factus
858 2433 931 2502 est,
965 2447 1038 2491 uere
1072 2432 1147 2491 tunc
1182 2446 1341 2509 compos
1365 2428 1467 2492 mali.

327 2531 409 2612 quod
444 2533 557 2608 euasit,
591 2538 629 2596 et
662 2532 764 2610 boni,
799 2533 884 2614 quod
916 2533 1045 2597 inuasit.
1081 2533 1166 2614 quid,
1200 2533 1313 2610 anima,
1346 2534 1467 2598 inuidos

326 2639 431 2703 carui?
456 2658 547 2703 nemo
571 2643 634 2703 tam
660 2641 822 2719 proximus
847 2640 916 2720 tibi,
942 2659 1036 2721 quem
1056 2643 1130 2723 post
1152 2639 1313 2703 dominum
1340 2640 1465 2724 diligam
1482 2658 1503 2695 a]

325 2764 416 2808 nemo
437 2747 539 2829 magis
559 2747 655 2810 frater
673 2751 760 2822 tuus,
786 2766 880 2828 quam
901 2765 980 2827 quae
1005 2752 1110 2810 tecum
1131 2747 1226 2810 etiam
1242 2746 1274 2809 iu
1293 2747 1351 2811 deo
1371 2747 1468 2811 nasci·

327 2857 386 2914 tur.
410 2857 445 2914 tu
470 2852 576 2932 potius
600 2853 649 2915 illi
673 2871 797 2916 exorare
823 2853 975 2916 debueras
999 2854 1276 2929 resurrectionem
1300 2873 1356 2936 per
1379 2857 1419 2933 te,
1442 2853 1466 2916 si

326 2958 415 3034 forte,
450 2958 594 3040 deliquit.
628 2959 685 3022 sed
717 2959 796 3023 nihil
829 2960 953 3026 mirum.
988 2960 1015 3022 si
1044 2959 1149 3033 odisti,
1184 2960 1276 3024 cuius
1309 2963 1466 3024 auctorem

327 3082 452 3144 quoque
475 3066 637 3148 respuisti,
664 3085 756 3147 quam
783 3069 814 3130 et
838 3067 868 3130 in
894 3065 1018 3132 Christo
1043 3069 1099 3130 aut
1126 3085 1240 3148 negare
1268 3071 1323 3129 aut
1347 3071 1466 3130 mutare

325 3173 497 3249 consuesti,
526 3171 656 3254 proinde
685 3175 717 3236 et
743 3173 849 3253 ipsum
879 3189 1054 3236 sennonem
1085 3172 1145 3248 dei,
1180 3172 1234 3254 qui
1263 3192 1333 3237 caro
1365 3172 1501 3236 lactura

325 3282 383 3352 est,
416 3279 469 3342 uel
502 3278 575 3342 stilo
609 3278 661 3342 uel
693 3278 951 3360 interpretatione
984 3297 1196 3361 corrumpens,
1229 3297 1340 3342 arcana
1373 3280 1464 3343 etiam

325 3386 575 3466 apocryphorum
596 3384 822 3466 superducens,
842 3384 1058 3469 blasphemiae
1076 3385 1211 3449 fabulas.
1236 3391 1269 3448 at
1287 3385 1370 3447 enim
1390 3385 1464 3449 deus

323 3491 523 3573 omnipotens
544 3491 696 3556 aduersus
712 3491 789 3554 baec
808 3491 1040 3554 incredulitatis
1056 3496 1087 3556 et
1105 3491 1324 3574 peruersitatis
1342 3491 1465 3574 ingenia

323 3597 601 3677 prouidentissima
626 3599 727 3681 gratia
751 3617 807 3661 suu
838 3598 999 3662 effundens
1023 3599 1054 3662 in
1079 3598 1264 3662 nouissimis
1292 3597 1406 3662 diebus
1429 3597 1464 3661 de

410 3824 438 3891 aq
460 3823 492 3875 cr.
512 3823 525 3876 1
545 3823 613 3876 run.
633 3823 657 3884 a,
678 3827 701 3878 a.
760 3823 801 3892 rr]
824 3823 890 3878 oen.
911 3825 935 3890 3,
955 3825 997 3876 aa.
1053 3825 1099 3892 eo]
1121 3823 1154 3876 cr.
1174 3824 1233 3877 rou
1252 3825 1278 3885 a,
1300 3823 1322 3876 1.

359 3946 370 3996 l
393 3944 471 3997 deum
492 3945 525 4011 P,
550 3945 686 3998 dominam
710 3946 775 3999 ΜΓ
828 3948 843 3996 5
868 3947 1035 4014 comparauit
1053 3945 1149 4009 PMF,
1175 3945 1378 3998 confoederauit
1396 3946 1463 4014 qu

322 4034 473 4086 barrimanr
493 4050 543 4087 om.
564 4034 590 4086 P
608 4035 683 4103 (add.
703 4033 730 4087 R
750 4052 782 4088 ea
801 4036 1008 4103 Hireouqr'ensr')
1065 4035 1234 4089 9eollatane
1252 4033 1283 4086 F
1335 4035 1365 4087 ll
1386 4051 1463 4103 passa

320 4121 416 4184 PMF,
441 4126 521 4191 pacta
547 4124 598 4177 Gel
654 4125 685 4176 12
710 4141 831 4176 secessus
855 4124 951 4188 PMF,
976 4127 1049 4176 sinus
1068 4124 1138 4191 Bnrp
1192 4125 1224 4176 17
1248 4128 1463 4192 repraesentetur

319 4210 444 4272 MFGel,
459 4217 648 4280 praesentetur
662 4213 688 4264 P
739 4215 770 4266 19
787 4214 875 4266 euasit
887 4214 947 4280 (alt.
963 4213 1032 4277 loco)
1046 4214 1082 4265 M
1094 4215 1174 4279 (corr.
1188 4231 1222 4266 m.
1238 4217 1262 4278 1)
1316 4213 1348 4264 21
1364 4229 1463 4281 ,quam

320 4315 388 4368 quae
407 4300 442 4366 B,
463 4317 531 4368 quae
550 4301 640 4354 PMF
692 4304 726 4355 28
745 4302 811 4354 baec
831 4320 881 4358 om.
901 4302 928 4354 P
945 4303 1022 4368 (add.
1041 4303 1068 4356 R
1087 4319 1120 4354 err
1139 4301 1344 4371 Hirsouqierm)
