3250 4959
439 361 476 416 Il.
495 362 541 417 De
560 361 642 417 Oarn
666 361 956 417 sResurrectione
973 362 1071 416 9-11.
1287 366 1329 429 39

179 557 257 622 stilo
281 557 377 637 noris,
403 576 464 639 quo
489 575 614 623 carnem
638 558 826 641 plerumque
846 556 1043 641 compungit.
1065 576 1137 621 nam
1156 557 1217 621 atsi
1236 560 1333 640 negat

177 663 322 728 hahitare
349 664 425 729 boni
455 663 624 746 quicquam
651 662 683 727 in
713 680 898 739 camaena,
928 664 989 727 etsi
1013 662 1159 728 adfirmat
1181 682 1246 740 eos,
1276 663 1331 747 qni

176 771 213 834 in
238 790 329 835 carue
354 772 427 849 sint,
452 769 509 835 deo
532 771 658 853 placere
680 789 741 835 non
765 788 872 852 posse,
896 770 972 852 quia
994 770 1200 853 concupiscat
1222 770 1331 835 aduer-

179 896 238 942 sus
267 877 427 961 spiritum,
456 879 487 942 et
515 877 543 941 si
570 895 633 959 qna
661 876 723 941 ulia
750 876 796 941 ita
828 876 929 959 ponit,
966 878 1005 940 ut
1041 877 1141 941 carnis
1174 879 1329 941 nontam

143 986 283 1063 sactus,
308 983 364 1049 sed
387 984 568 1049 substantia
589 983 805 1059 inhonoretur,
830 982 974 1047 dicemus
999 981 1127 1065 qnidam
1152 983 1227 1046 alibi
1250 983 1330 1046 nihil

176 1090 305 1174 proprie
323 1091 409 1155 carni
428 1089 606 1173 exprobrari
625 1093 768 1172 oportere
787 1088 850 1154 nisi
867 1088 900 1153 in
918 1090 1040 1153 animae
1059 1089 1329 1173 suggillationem,

177 1216 261 1278 quae
295 1214 419 1262 carnem
452 1196 627 1261 ministerio
661 1195 723 1260 sihi
757 1195 888 1279 subigit,
921 1215 1035 1260 uerum
1070 1196 1197 1260 interim
1234 1200 1266 1261 et
1297 1197 1329 1262 in

175 1302 246 1367 illis
269 1302 385 1366 litteris
408 1301 529 1367 Paulus
553 1304 612 1380 cst,
638 1320 711 1366 cum
739 1302 892 1386 stigmata
916 1300 1089 1366 christiin
1118 1320 1247 1385 corpore
1271 1322 1330 1369 sno

176 1412 295 1493 portet,
330 1427 403 1473 cum
436 1426 550 1493 corpus
587 1411 731 1473 nostrum
763 1411 801 1473 ut
828 1408 879 1473 dci
904 1409 1063 1490 templum
1091 1408 1199 1474 uitiari
1229 1413 1328 1484 uetat,

130 1540 158 1582 ro
178 1534 253 1580 cnm
277 1532 409 1599 corpora
431 1518 539 1581 nostra
561 1514 704 1579 membra
728 1513 848 1579 Christi
871 1514 958 1588 facit,
988 1533 1060 1579 cum
1088 1518 1196 1579 monet
1218 1514 1329 1581 tollere

89 1668 104 1697 „
178 1625 213 1685 et
234 1620 437 1705 magnificare
466 1621 559 1686 deum
583 1620 615 1686 iu
644 1638 774 1707 corpore
803 1625 923 1685 nostro.
949 1620 1059 1703 itaque
1082 1622 1110 1685 si
1136 1620 1329 1705 ignominiae

178 1727 282 1792 carnis
300 1726 563 1793 resurrectionem
586 1725 655 1791 eius
675 1726 847 1809 expellunt,
872 1745 928 1790 cnr
945 1743 1007 1790 non
1030 1725 1202 1809 dignitates
1220 1730 1329 1811 potius

177 1833 351 1899 inducent?
380 1833 529 1916 qnoniam
558 1833 616 1899 deo
644 1833 746 1917 magis
776 1832 923 1916 congruit
954 1833 987 1896 in
1016 1834 1153 1898 salutem
1185 1835 1328 1919 redigere

177 1940 266 2023 quod
288 1940 464 2024 reprobarit
489 1938 661 2015 interdum,
686 1958 781 2021 qnam
809 1939 842 2003 in
869 1938 1079 2022 perditionem
1103 1940 1216 2006 dedere
1244 1941 1329 2025 quod

130 2070 156 2111 n
177 2047 277 2111 etiam
300 2047 449 2130 probarit.

225 2154 278 2217 11.
309 2152 487 2235 Hucusque
520 2151 559 2216 de
594 2151 762 2235 praeconio
796 2151 898 2215 carnis
931 2151 1087 2217 aduersus
1116 2152 1264 2217 inimicos
1298 2158 1330 2218 ct

176 2258 388 2323 nihilominus
408 2258 622 2323 amicissimos
642 2259 721 2323 eius.
745 2276 836 2322 nemo
862 2257 945 2322 enim
969 2261 1034 2322 tam
1058 2260 1224 2325 carnaliter
1245 2260 1331 2325 uiuit

177 2384 275 2447 quam
304 2365 359 2447 qui
386 2369 503 2449 negant
530 2366 632 2430 carnis
659 2364 933 2431 resurrectionem.
962 2370 1115 2448 negantes
1143 2355 1227 2431 enim
1254 2386 1328 2448 poa-

175 2490 252 2536 nam
276 2470 457 2555 despiciunt
480 2476 512 2537 ct
535 2471 746 2554 disciplinam.
776 2470 815 2535 de
844 2471 959 2553 quibus
987 2472 1150 2537 luculente
1179 2476 1213 2537 et
1239 2492 1327 2555 para-

129 2580 283 2645 ancletus
306 2598 363 2662 per
383 2579 603 2662 prophetidem
628 2580 785 2644 Priscam:
811 2598 954 2643 carnes
979 2583 1082 2656 sunt,
1107 2583 1147 2645 ct
1170 2599 1325 2644 carnem

177 2684 364 2751 oderunt.
398 2704 494 2768 quam
527 2686 554 2749 si
586 2689 675 2751 tanta
707 2687 881 2751 auctoritas
914 2686 1028 2759 munit,
1063 2691 1180 2769 quanta
1206 2686 1255 2750 illi
1287 2686 1326 2751 ed

176 2792 329 2857 meritum
354 2792 469 2856 salutis
492 2791 683 2873 patrocinari
706 2792 821 2873 possit,
844 2791 999 2873 numquid
1027 2792 1123 2856 etiarn
1151 2792 1202 2857 dei
1224 2793 1326 2876 ipsius

175 2898 352 2979 potentiam
380 2901 413 2963 et
438 2901 631 2980 potestatem
661 2901 693 2962 ct
716 2897 879 2962 licentiam
907 2916 1070 2963 recensere
1099 2897 1260 2979 dehemus,
1287 2920 1326 2965 an

174 3008 285 3070 tantus
305 3005 357 3082 sit,
378 3004 433 3087 qni
452 3004 557 3070 ualeat
580 3004 737 3086 dilapsum
758 3007 791 3068 ct
809 3003 998 3069 decoratum
1021 3009 1053 3069 at
1071 3005 1326 3088 quibuscumque

129 3134 157 3175 aa
174 3110 282 3175 modis
315 3115 458 3195 ereptum
486 3112 728 3177 tahemaculnm
757 3111 859 3175 carnis
886 3110 1086 3175 reaedificare
1113 3114 1208 3193 atquc
1235 3114 1326 3178 resti·

174 3222 288 3283 tuere?
312 3236 351 3283 an
374 3221 407 3282 et
430 3217 538 3300 aliqua
560 3218 652 3283 nohis
677 3218 821 3299 exempla
847 3216 943 3281 huius
967 3218 1017 3281 sui
1044 3219 1123 3282 iuris
1146 3219 1179 3282 in
1198 3220 1325 3302 publico

173 3330 307 3390 naturae
329 3323 560 3409 promulgarit?
585 3344 623 3389 ne
647 3324 702 3407 qni
724 3325 807 3389 forta
835 3323 938 3388 adhuc
967 3325 1070 3389 sciant
1097 3324 1190 3389 deum
1219 3344 1325 3404 nosse,

268 3518 294 3587 l]
315 3516 490 3584 cilicini,
511 3516 552 3571 18.
603 3516 631 3585 2]
652 3516 685 3571 ci.
705 3516 781 3570 Rom.
802 3516 827 3579 8,
847 3516 872 3571 8,
923 3516 952 3585 3]
973 3515 1006 3570 ci.
1026 3516 1086 3572 Gal.
1106 3517 1132 3579 h,
1149 3518 1190 3570 17.
1246 3516 1273 3585 8]
1291 3517 1324 3571 cf.

150 3606 237 3663 'Gal
255 3608 282 3671 6,
304 3607 345 3659 17.
413 3604 785 3676 e]ef.lcor.3,1s-17.
857 3605 901 3675 10]
922 3604 1067 3661 chlilor.
1091 3606 1117 3670 6,
1143 3606 1184 3658 15.
1254 3604 1325 3659 cl.I

174 3694 237 3752 Gor.
258 3698 283 3761 6,
304 3696 347 3749 20.

210 3818 229 3871 l
252 3822 308 3873 tam
331 3819 445 3887 scripti:
467 3820 560 3873 tamen
583 3817 675 3871 PMF
727 3820 742 3871 5
768 3822 854 3880 actus,
878 3816 926 3871 sed
949 3818 1104 3871 substantia
1125 3818 1237 3886 scripsi:
1260 3818 1323 3872 suh·

173 3907 280 3962 euntia
297 3906 346 3961 sed
363 3912 441 3964 actus
459 3906 550 3961 PMF
601 3906 790 3962 detom.1i³
846 3907 876 3961 11
898 3906 921 3960 si
940 3905 1036 3960 ocul*
1089 3908 1122 3960 15
1138 3907 1325 3975 (aliquando)

172 3996 304 4067 probauit
326 3996 399 4051 Pam
423 3998 467 4067 (ee
496 3994 631 4051 Vaticano
653 3996 745 4051 mocio
768 3996 833 4065 quo)
909 3996 1032 4064 probarit
1058 3997 1171 4063 cumei:
1197 3996 1325 4065 probauit

173 4085 267 4140 Pnffl
319 4086 353 4138 19
375 4084 514 4139 luculente
538 4084 607 4153 PM,
631 4085 782 4139 luculenter
804 4085 860 4140 FB
916 4087 1100 4155 coemptum
1123 4085 1154 4139 F
1205 4086 1238 4137 27
1263 4101 1324 4154 pro·

173 4174 307 4243 mulgarit
319 4172 368 4241 12³,
386 4174 572 4243 promulgaret
584 4174 680 4229 PMF.
700 4175 886 4243 promulgarit
905 4173 958 4227 Ura
1030 4176 1058 4227 et
1077 4175 1123 4243 qni
1138 4174 1168 4228 F
1237 4175 1325 4226 sciant

177 4260 252 4330 em,
271 4262 371 4316 eiciant
389 4260 526 4331 PMFR1,
545 4263 669 4316 nescient
691 4262 744 4317 Ure
