3250 4959
329 331 394 393 232
560 328 678 395 Quinti
697 328 839 397 Septimi
858 327 1028 383 Florentia
1047 328 1252 382 Tertulliani

374 524 404 583 4.
428 519 576 586 Ceterum
601 522 655 604 qui
678 521 780 585 filium
803 542 865 587 uon
885 523 1013 587 aliunde
1032 523 1163 601 deduco,
1188 523 1244 587 sed
1267 523 1306 587 de
1330 524 1478 589 substen-

328 627 376 691 tia
405 628 516 708 patris,
548 629 629 693 nihil
660 628 829 693 facientem
864 630 932 694 sine
962 631 1062 712 patris
1094 631 1270 710 uoluntate,
1304 648 1430 695 omnem
1460 650 1477 693 a

328 737 418 814 patre
446 738 652 799 consecutum
683 739 887 818 potestatem,
916 737 1074 819 quomodo
1102 756 1235 819 possum
1264 737 1302 801 de
1329 736 1389 799 fide
1425 736 1476 800 de·

328 844 449 904 struere
468 841 692 918 monarchiam,
713 862 807 924 quam
827 860 845 905 a
864 846 952 924 patre
970 842 1035 907 filio
1055 843 1204 908 traditam
1224 844 1255 906 in
1274 842 1339 907 lilio
1361 846 1475 907 seruo?

328 946 389 1009 hoc
416 945 495 1010 mihi
523 951 556 1011 et
585 948 618 1011 in
646 950 777 1013 tertium
811 949 943 1033 gradum
978 949 1099 1014 dictum
1134 951 1186 1027 sit,
1220 948 1294 1031 quia
1327 950 1475 1031 spiritum
1502 974 1515 1011 r

328 1072 389 1117 uon
414 1053 541 1119 aliunde
565 1055 715 1137 (de)puto
740 1074 835 1137 quam
860 1075 878 1119 a
901 1061 990 1138 patre
1013 1075 1069 1138 per
1091 1055 1204 1123 filium.
1230 1056 1302 1121 uide
1328 1074 1412 1141 ergo,
1438 1073 1475 1117 ue

327 1164 362 1225 tu
383 1162 491 1243 potius
509 1162 725 1226 monarchiam
746 1161 903 1239 destruas,
928 1162 982 1244 qui
1003 1162 1244 1244 dispositionem
1264 1166 1296 1227 st
1315 1162 1475 1244 dispensa·

327 1269 446 1333 tionem
476 1268 544 1332 aius
572 1268 691 1332 euertis
723 1268 755 1331 iu
788 1272 840 1332 tot
871 1268 1050 1332 nominibus
1084 1269 1300 1345 constitutam,
1334 1270 1364 1332 in
1397 1272 1475 1350 quot

328 1374 406 1437 deus
439 1374 552 1439 uoluit
585 1374 662 1439 adeo
696 1377 803 1438 autem
836 1374 1002 1437 manatio
1032 1391 1090 1439 suo
1120 1377 1216 1451 statu,
1244 1374 1322 1439 licet
1349 1374 1473 1438 trinitas

327 1480 489 1553 inferatur,
523 1486 560 1543 ut
591 1481 687 1545 etiam
724 1480 853 1545 restitui
890 1480 1005 1545 habeat
1037 1481 1119 1562 patri
1152 1499 1170 1544 a
1201 1480 1277 1555 filio,
1316 1480 1472 1563 siquidem
1493 1508 1513 1546 o

328 1589 492 1669 apostolos
535 1587 646 1651 scribit
688 1587 725 1650 de
768 1588 883 1651 ultimo
916 1586 993 1651 fine:
1040 1606 1127 1651 cum
1164 1587 1386 1653 tradiderit
1421 1607 1473 1650 re·

329 1693 532 1775 gnumdeo
558 1694 728 1775 etpatri.
745 1697 911 1778 oportet
932 1694 1033 1758 enim
1054 1714 1139 1759 eum
1159 1713 1327 1778 regnare
1347 1713 1472 1775 nsque

328 1801 416 1862 dum
445 1803 571 1882 ponat
597 1800 786 1865 inimicos
815 1800 904 1865 eius
938 1800 1035 1865 deus
1069 1801 1142 1865 sub
1175 1801 1298 1882 pedes
1328 1801 1470 1881 ipsius,

327 1943 370 1951 —
395 1906 518 1970 scilicet
540 1905 714 1969 secundum
743 1906 917 1988 psalmum:
947 1906 1034 1970 sede
1063 1906 1108 1971 ad
1131 1907 1318 1971 dexteram
1345 1925 1470 1979 meam,

329 2012 447 2078 donec
470 2031 601 2095 ponam
626 2012 801 2076 inimicos
826 2016 912 2077 tuos
933 2012 1141 2077 scabellum
1165 2013 1298 2096 padum
1322 2016 1470 2078 tuorum
1488 2030 1509 2071 a

327 2138 476 2183 —oum
507 2122 632 2184 autem
661 2119 838 2183 subiecta
871 2124 978 2183 erunt
1005 2119 1067 2183 illi
1100 2121 1222 2185 omnia
1254 2120 1395 2201 absque
1419 2138 1469 2183 eo.

327 2226 391 2306 qui
425 2227 458 2289 ei
491 2226 659 2290 subiecit
692 2226 823 2301 omnia,
858 2229 946 2291 tunc
979 2230 1016 2291 et
1046 2210 1129 2309 ipsa
1159 2226 1374 2291 subicietur
1402 2226 1469 2290 illi.

328 2332 390 2413 qui
416 2334 449 2397 ei
473 2334 641 2398 subiecit
664 2333 794 2412 omnia,
819 2336 860 2397 ut
884 2333 936 2397 sit
959 2333 1051 2397 deus
1077 2334 1201 2397 omnia
1224 2333 1259 2397 in
1288 2332 1470 2397 omnibus.

326 2439 474 2503 uidemus
501 2441 602 2522 igitur
633 2459 694 2504 uon
728 2440 841 2505 obesse
875 2440 1085 2519 monarchiae,
1124 2438 1249 2525 [lilium]
1287 2440 1349 2505 etsi
1381 2438 1470 2503 hodie

327 2546 412 2629 apud
434 2545 536 2610 filium
561 2552 619 2626 est,
644 2547 718 2629 quia
742 2551 774 2611 et
792 2548 823 2611 in
849 2566 907 2612 suo
932 2549 1019 2612 statu
1044 2551 1094 2611 est
1117 2546 1201 2629 apud
1219 2546 1322 2609 filium
1346 2548 1377 2609 et
1400 2564 1469 2609 cum
1487 2564 1509 2601 m

328 2673 385 2717 suo
411 2657 497 2718 statu
520 2654 709 2718 restituetur
732 2656 814 2736 patri
838 2672 856 2717 a
879 2654 954 2720 lilio.
985 2654 1029 2718 ita
1054 2672 1123 2718 eam
1147 2673 1239 2718 nemo
1263 2653 1324 2717 hoc
1347 2652 1470 2716 nomine

327 2761 480 2838 destruet,
500 2761 560 2843 (si)
584 2760 685 2824 lilium
715 2761 873 2840 admittat,
899 2760 950 2824 cui
975 2767 1007 2824 et
1030 2759 1180 2825 traditam
1205 2778 1274 2822 eam
1295 2766 1419 2841 epatre
1443 2766 1472 2820 et

326 2884 425 2947 aquo
450 2865 638 2947 quaudoque
662 2864 891 2929 restituendam
911 2865 993 2947 patri
1012 2867 1147 2929 constat.
1171 2866 1231 2929 hoc
1249 2883 1312 2928 uno
1333 2862 1469 2946 capitolo

327 2971 479 3052 epistolae
504 2971 698 3052 apostolicae
722 2971 886 3053 potuimus
906 2972 968 3034 iam
994 2974 1026 3033 et
1048 2972 1170 3052 patrem
1196 2969 1346 3033 etlilium
1372 2972 1471 3033 osten·

326 3075 413 3140 disse
446 3076 525 3142 duos
559 3095 641 3153 esse,
673 3080 893 3158 praeterquam
932 3096 967 3140 ex
1004 3076 1184 3141 nominibus
1216 3076 1315 3159 patris
1353 3078 1385 3139 et
1416 3074 1508 3138 fidia

326 3183 422 3246 etiam
447 3202 483 3246 ex
513 3202 560 3259 eo,
585 3182 670 3265 quod
700 3184 754 3264 qui
778 3183 910 3247 tradidit
932 3202 1064 3266 reguum
1094 3187 1126 3246 et
1149 3182 1200 3246 cui
1228 3181 1368 3257 tradidit,
1397 3182 1470 3245 item

326 3290 381 3369 qui
404 3290 542 3354 subiecit
564 3290 613 3373 (et
636 3292 687 3354 cui
712 3290 865 3371 subiecit>
889 3290 951 3353 duo
977 3290 1042 3355 sint
1064 3308 1194 3354 necesse
1218 3294 1278 3353 est.

372 3397 402 3460 5.
437 3396 499 3461 Sed
535 3398 609 3478 quia
641 3398 721 3461 duos
753 3416 853 3461 unum
886 3396 1000 3460 uolunt
1033 3415 1114 3471 esse,
1148 3399 1184 3459 ut
1210 3395 1295 3461 idem
1313 3400 1411 3478 pater
1442 3403 1471 3457 et

325 3502 411 3567 filios
434 3504 598 3580 habeatur,
624 3507 749 3587 oportet
773 3506 805 3568 et
828 3507 932 3567 totum
957 3503 994 3566 de
1019 3503 1084 3566 lilio
1109 3502 1290 3579 examinari,
1314 3522 1351 3567 an
1376 3502 1418 3566 sit
1441 3506 1471 3564 et

416 3680 696 3749 11]Icor.15,24.
758 3678 913 3748 ltllilor.
935 3680 976 3743 15,
996 3679 1039 3733 25.
1101 3677 1336 3748 14]Ps.109,1.
1395 3675 1471 3745 1611

325 3771 386 3823 Gor.
407 3770 448 3836 la,
467 3769 510 3824 28.

360 3876 377 3928 6
392 3874 492 3944 deputo
506 3877 618 3944 conpar:
633 3880 698 3943 puto
711 3876 802 3929 PMF
850 3878 866 3929 9
880 3877 908 3928 in
928 3890 975 3928 suo
990 3876 1065 3927 statu
1077 3876 1169 3927 manet
1182 3873 1212 3926 F
1266 3874 1297 3927 11
1314 3873 1377 3926 fine:
1388 3876 1472 3941 <tunc

324 3964 415 4029 tinis‚>
425 3967 497 4032 sort.
554 3966 586 4017 16
606 3964 645 4018 illi
665 3982 717 4021 om.
736 3964 767 4017 F
816 3965 848 4017 19
868 3964 951 4016 lilium
966 3963 1065 4015 seclusi
1119 3963 1154 4015 22
1177 3966 1200 4014 si
1225 3960 1336 4015 addidit
1353 3960 1401 4025 lli,
1420 3978 1471 4015 ona

327 4053 448 4107 ΡΜΓΕ1
502 4055 537 4108 26
556 4055 602 4123 qni
621 4054 736 4107 tradidit
755 4058 783 4107 et
802 4055 845 4107 cui
862 4051 979 4106 tradidit
996 4068 1108 4120 regnum
1124 4052 1150 4104 P
1167 4052 1295 4119 (incutit
1311 4050 1473 4105 ordinemR

323 4158 374 4195 sec.
393 4141 630 4210 Hiraaupienscm)
696 4146 730 4197 27
750 4144 853 4197 subicit
871 4143 898 4195 P
914 4146 939 4209 (a
958 4158 979 4194 a.
998 4158 1027 4196 co.
1048 4140 1113 4197 odd.
1132 4140 1171 4206 R)
1249 4146 1278 4193 ct
1297 4140 1339 4193 cui
1358 4139 1473 4192 subiecit

325 4230 389 4285 aral.
409 4230 444 4298 R,
463 4246 515 4283 om.
534 4231 625 4284 PMF
675 4232 710 4283 28
730 4248 788 4284 esre
807 4231 904 4284 uolunt
923 4228 952 4281 F
1004 4230 1039 4281 29
1059 4232 1167 4298 oportet
1184 4229 1212 4281 in
1232 4232 1320 4281 totum
1335 4226 1405 4293 fort.
