3250 4959
384 455 445 510 Vll.
465 456 631 509 Aduersus
650 456 848 509 Marcionem
866 456 915 511 lib.
930 455 971 508 ΙΙΙ
992 456 1105 509 15-16.
1255 460 1318 523 403

165 656 358 729 manantem,
377 651 466 715 —id
486 656 535 715 est
550 652 615 734 (in)
634 650 719 715 nitae
738 654 881 715 aeternae
896 651 1149 733 possessionem,
1162 670 1226 734 qua
1239 650 1319 715 nihil

167 760 296 824 dulcius
315 758 472 841 —idque
496 778 556 823 non
579 778 636 841 per
658 758 800 841 Moysen,
825 758 859 821 id
883 763 1016 823 estnon
1040 759 1201 842 perlegis
1225 759 1319 823 disci·

165 868 296 949 plinam,
316 865 372 929 sed
395 885 451 948 per
472 866 590 941 Iesum,
614 865 663 949 <id
687 866 752 947 est>
774 884 831 947 per
854 864 1014 949 euangelii
1038 866 1185 949 gratiam,
1205 884 1317 946 proue-

166 973 234 1036 nire
263 972 409 1048 hahebat,
443 970 640 1035 circumcisis
668 970 758 1035 nohis
787 970 911 1053 petrina
943 970 1020 1044 acie,
1053 970 1087 1033 id
1121 973 1173 1033 est
1200 970 1318 1035 Christi

133 1104 147 1145 θ
164 1078 388 1162 <praeceptis>
402 1114 445 1123 -
460 1080 549 1159 petra
567 1078 650 1141 enim
671 1076 818 1141 Christus
837 1112 881 1121 —
900 1075 971 1139 ideo
985 1076 1013 1139 is
1029 1075 1088 1153 nir,
1105 1077 1159 1157 qui
1174 1077 1205 1141 in
1219 1076 1317 1141 huius

165 1184 356 1251 sacramenti
375 1183 529 1267 imagines
548 1182 726 1267 parabatur,
742 1183 839 1247 etiam
860 1182 996 1246 nominis
1014 1182 1166 1246 dominici
1183 1184 1317 1266 inaugu-

165 1296 255 1357 ratus
280 1296 330 1355 est
347 1290 458 1374 figura,
481 1290 571 1353 lesus
592 1290 845 1372 cognominatus.
871 1290 931 1353 hoc
949 1308 1062 1353 nomen
1080 1290 1150 1371 ipse
1170 1288 1316 1354 Christus

165 1418 262 1463 suum
285 1399 348 1463 iam
372 1402 449 1461 tunc
473 1415 543 1461 esse
566 1397 704 1459 testatus
729 1398 788 1471 est,
813 1414 885 1458 cnm
911 1394 950 1458 ad
967 1395 1099 1477 Moysen
1118 1397 1316 1477 loquebatur.

166 1506 239 1587 quis
264 1506 347 1569 enim
366 1505 565 1585 loquebatur,
590 1504 652 1568 nisi
672 1503 804 1585 spiritus
825 1503 984 1581 creatoris,
1010 1503 1063 1585 qui
1084 1506 1133 1567 est
1148 1503 1316 1569 Christus?

118 1638 146 1677 ιο
167 1632 241 1677 curn
261 1631 335 1695 ergo
355 1612 503 1676 mandato
524 1610 643 1675 diceret
657 1613 790 1693 populo:
817 1629 903 1675 ecce
922 1629 990 1694 ego
1014 1610 1122 1675 mitto
1142 1612 1315 1693 angelum

164 1740 286 1784 meum
316 1722 402 1783 ante
429 1719 566 1783 faciem
594 1724 706 1795 tuam,
741 1718 804 1801 qni
836 1722 874 1782 te
903 1718 1099 1782 custodiat
1125 1718 1161 1781 in
1190 1719 1252 1782 uia
1280 1723 1316 1782 et

164 1826 387 1891 introducat
409 1826 444 1890 in
468 1829 616 1903 terram,
642 1844 749 1908 qnam
773 1824 906 1907 paraui
928 1824 1015 1900 tihi3
1040 1824 1229 1888 intendite
1253 1824 1315 1889 illi

164 1936 202 1997 et
234 1932 408 1997 exaudite
441 1952 532 2007 eum,
564 1950 607 1995 ne
640 1929 936 1995 inobaudieritie
974 1949 1070 2005 enm;
1109 1950 1177 1995 non
1217 1931 1313 1995 enim

165 2039 309 2103 celabit
340 2043 387 2117 te,
420 2038 593 2122 quoniam
626 2057 756 2102 nomen
788 2056 910 2101 meum
949 2056 1062 2120 super
1097 2037 1207 2101 illum
1246 2042 1313 2113 est,

118 2170 144 2209 rs
164 2146 315 2229 angelum
343 2146 470 2227 quidem
501 2164 573 2209 eum
597 2144 676 2208 dixit
698 2144 738 2208 oh
762 2144 1015 2226 magnitudinem
1038 2144 1207 2216 uirtutum,
1237 2163 1314 2226 quas

164 2257 232 2318 erat
263 2253 418 2329 editurus,
456 2254 489 2316 et
520 2252 559 2315 ob
593 2250 733 2316 officium
766 2252 951 2333 prophetae,
984 2250 1157 2315 nuntiantis
1191 2250 1315 2314 scilicet
1393 2236 1396 2241 ¹

164 2360 305 2424 diuinam
323 2358 534 2429 uoluntatem,
557 2358 664 2421 Iesum
684 2360 790 2421 antem
810 2357 850 2421 ob
869 2357 1005 2421 nominis
1026 2356 1077 2420 sni
1095 2355 1195 2421 futuri
1214 2374 1315 2421 sacra·

163 2469 315 2531 mentum.
339 2464 371 2528 id
395 2466 477 2529 enirn
502 2484 614 2529 nornen
641 2482 734 2529 sunm
759 2464 971 2541 confirmauit,
996 2463 1080 2546 quod
1099 2462 1169 2545 ipse
1189 2462 1217 2526 ei
1236 2462 1314 2526 indi·

164 2572 263 2649 derat,
289 2572 449 2655 quianon
473 2574 620 2655 angelum
645 2590 701 2634 nec
725 2572 844 2647 husen,
870 2570 927 2636 sed
949 2571 1057 2634 Iesum
1082 2589 1154 2633 enm
1177 2569 1314 2633 iusserat

115 2701 144 2741 ao
163 2679 273 2743 exinde
296 2680 440 2743 uocitari.
464 2698 538 2762 ergo
558 2680 584 2743 si
604 2682 775 2760 utrumque
793 2697 908 2741 nomen
928 2677 1082 2758 competit
1098 2676 1130 2739 in
1151 2674 1313 2741 Christum

163 2786 325 2863 creatoris,
348 2790 437 2850 tanto
461 2787 632 2867 utrumque
655 2804 715 2848 non
741 2785 895 2865 competit
917 2787 949 2847 in
969 2782 1132 2848 Christum
1151 2802 1210 2847 non
1230 2801 1312 2846 crea·

162 2893 251 2972 toric,
279 2893 365 2957 sicut
392 2912 450 2956 nec
473 2892 615 2975 reliquus
640 2891 724 2955 ordo.
752 2889 896 2954 iacienda
920 2892 970 2953 est
993 2890 1128 2971 denique
1151 2890 1215 2953 iam
1238 2888 1313 2952 hinc

162 3000 324 3064 internos
349 3002 435 3063 certa
457 2998 521 3063 ista
544 3003 576 3062 et
598 3000 685 3062 iusta
707 2996 915 3080 praescriptio
941 3000 973 3058 et
995 2996 1122 3077 utrique
1150 2993 1233 3077 parti
1261 3014 1312 3058 ne·

162 3106 310 3182 cessaria,
345 3124 407 3187 qua
438 3105 682 3169 determinatum
711 3106 754 3167 sit
782 3104 860 3168 nihil
892 3102 1018 3166 omnino
1048 3120 1214 3165 commune
1243 3120 1312 3164 esse

116 3238 143 3277 aa
163 3212 277 3277 dehere
306 3211 436 3277 alterius
466 3212 515 3275 dei
540 3212 665 3276 Christo
691 3230 762 3274 oum
789 3209 917 3275 Christo
942 3208 1100 3273 creatoris
1133 3226 1204 3271 nam
1234 3213 1265 3270 et
1295 3228 1310 3269 a

161 3319 254 3383 uobis
278 3318 408 3402 proinde
437 3317 606 3382 diuersitas
635 3317 830 3381 defendenda
858 3321 917 3382 est.
952 3314 1037 3378 sicut
1060 3332 1078 3376 a
1101 3313 1192 3377 nohis
1219 3331 1310 3393 repn·

162 3425 287 3510 gnanda
310 3430 369 3504 est,
394 3426 468 3508 qnia
487 3444 543 3489 nec
563 3444 620 3489 nos
639 3425 770 3507 probare
790 3423 937 3507 poteritis
962 3422 1094 3485 alterius
1114 3420 1165 3483 dei
1183 3419 1311 3481 uenisse

251 3618 280 3685 41
301 3616 333 3671 ci.
355 3616 407 3670 Ios.
426 3618 451 3684 5,
471 3618 497 3669 2.
570 3616 597 3684 t]
619 3616 652 3670 cf.
672 3616 684 3668 I
705 3616 762 3669 Cor.
786 3616 828 3677 10,
847 3617 873 3668 4.
963 3609 1309 3681 rothomum-21.

163 3706 206 3774 181
226 3704 259 3759 ci.
280 3704 356 3758 Num.
378 3706 419 3772 13,
440 3706 482 3758 17.

199 3830 210 3881 l
233 3830 259 3881 in
276 3828 376 3881 addidi
389 3829 448 3896 (sec.
465 3828 514 3881 loc.
528 3830 604 3896 pern.)
641 3828 657 3878 3
674 3825 701 3878 id
721 3832 762 3878 est
777 3826 843 3877 add.
859 3826 932 3876 Pom
946 3827 1005 3889 (sec.
1023 3824 1073 3875 loc.
1085 3824 1163 3889 perra)
1201 3822 1308 3888 dprae·

162 3918 248 3985 ceptis
268 3917 332 3972 add.
347 3917 419 3969 Pam
438 3916 497 3984 (ecc.
518 3916 567 3969 loc.
585 3918 662 3983 perol
717 3914 867 3981 dimegine
882 3913 956 3965 Pom
1011 3912 1045 3963 12
1064 3907 1309 3963 intende—exandi

162 4006 381 4061 -inobandieris
399 4006 472 4059 Pam
510 4006 542 4058 13
561 4005 739 4058 obaudieritis
757 4004 793 4056 Μ
812 4004 850 4062 tin
869 4020 891 4056 a.
911 4020 940 4055 u.
960 4001 1025 4053 aoid.
1045 4016 1079 4052 m.
1090 4003 1116 4062 1)
1156 3998 1187 4049 14
1208 3995 1309 4049 celabit

161 4096 240 4165 Eup:
262 4095 363 4149 celauit
383 4094 449 4163 NF,
470 4094 554 4148 celani
574 4094 696 4161 thrclpo
772 4094 803 4145 15
825 4110 884 4145 eum
903 4091 951 4153 113,
971 4106 1060 4141 meum
1080 4085 1152 4139 ,llll¹
1228 4089 1260 4138 la
1279 4086 1307 4137 id

162 4186 232 4237 enim
251 4184 349 4251 accipet
367 4182 428 4251 (loc.
445 4199 511 4251 geor.
530 4188 650 4245 secutum
670 4180 706 4246 cf.
724 4197 824 4247 supra:
843 4178 969 4247 quomam
989 4192 1084 4227 nomen
1104 4190 1205 4226 rrrennr
1229 4190 1310 4241 super

160 4272 237 4325 illum
252 4276 318 4335 est):
333 4271 482 4324 identidem
496 4269 559 4323 MR
607 4271 638 4322 19
654 4286 751 4321 anison
767 4267 803 4319 M
846 4271 878 4320 21
896 4262 1201 4319 creatoris-Christum
1215 4278 1266 4315 om.
1282 4261 1312 4313 F

163 4362 195 4415 22
216 4379 264 4415 nec
283 4361 325 4422 M,
345 4378 399 4414 non
419 4360 446 4415 R
500 4362 534 4412 25
554 4360 663 4414 Christo
683 4358 724 4424 ll,
745 4358 883 4411 Christum
902 4356 929 4410 R

1220 4458 1269 4509 26⁸
