3250 4959
405 401 464 455 VII.
483 402 652 455 Aduersus
671 400 870 457 Marcionem
890 402 937 457 lib.
952 402 996 457 111
1011 404 1124 458 16-18.
1273 410 1338 473 405

186 595 353 661 homiuum
390 596 583 661 uniuersitas
618 597 809 679 spiritalium
844 598 1103 664 documentorum
1137 601 1340 683 competebat

185 702 250 766 uisi
268 702 299 765 iu
316 700 490 777 Christum,
510 702 579 767 flori
600 702 726 785 quidem
748 703 787 767 ob
807 704 943 786 gratiam
963 705 1095 787 spiritua
1115 705 1338 787 adaequatum,

186 828 224 872 ex
243 810 342 891 stirpe
360 812 467 873 autem
485 810 573 874 lesse
592 810 779 893 deputatum
800 830 857 895 per
874 811 1018 891 Mariam,
1041 812 1113 877 iude
1137 813 1338 879 censendam.

185 916 354 998 expostulo
378 903 484 980 autam
509 918 547 980 de
570 918 747 999 proposito:
776 917 802 981 si
827 917 884 981 das
909 919 938 981 ei
962 920 1064 983 omnis
1089 919 1281 984 bumilitatis
1306 926 1339 984 et

153 1022 419 1101 spatiantiaeet
444 1024 684 1105 tranquillitatis
713 1023 921 1088 intentionem
950 1029 982 1089 et
1005 1044 1042 1089 ex
1065 1025 1115 1089 bis
1138 1025 1253 1089 Esaiae
1278 1025 1338 1089 erit

185 1127 345 1209 Christus,
374 1166 418 1176 —
446 1130 552 1194 bomo
581 1132 615 1194 in
645 1132 757 1214 plaga
785 1136 821 1196 ct
849 1132 975 1196 sciens
1002 1131 1100 1197 ferre
1133 1132 1336 1198 imbecilli-

184 1240 312 1312 tatem,
344 1236 399 1317 qui
430 1246 617 1319 tamquam
647 1238 730 1301 ouis
760 1238 803 1300 ad
832 1239 1029 1303 uictimam
1058 1238 1244 1303 adductus
1278 1243 1336 1303 est

185 1346 222 1403 et
254 1346 442 1423 tamquam
476 1362 592 1427 agnus
626 1348 710 1409 aute
743 1343 960 1408 tondentem
997 1363 1067 1409 uon
1100 1345 1252 1429 aperuit
1284 1364 1335 1421 os,

184 1448 373 1531 qui-neque
406 1450 573 1514 contendit
604 1470 705 1533 neque
744 1450 895 1515 clamauit
931 1470 988 1516 nec
1025 1451 1135 1516 audita
1172 1458 1221 1517 est
1257 1453 1334 1516 foris

135 1584 164 1623 ιο
184 1574 245 1619 uox
278 1555 358 1632 eius,
392 1556 445 1637 qui
478 1557 662 1621 arundinem
695 1562 874 1632 contusam,
907 1558 940 1621 id
969 1562 1020 1621 est
1046 1576 1195 1640 quassam
1223 1558 1334 1623 Iudae-

184 1680 275 1727 orum
308 1662 413 1739 lidem,
442 1682 502 1727 non
531 1664 729 1741 comminuit,
758 1665 812 1747 qui
841 1664 942 1728 linum
971 1665 1096 1742 ardeus,
1125 1665 1159 1728 id
1186 1671 1237 1730 est
1267 1685 1334 1730 mo·

181 1774 386 1833 mentaneum
419 1770 561 1835 ardorem
595 1768 748 1855 gentium,
788 1790 850 1834 non
888 1772 1019 1835 extinxit
1058 1808 1101 1817 -
1134 1791 1194 1837 non
1227 1776 1335 1854 potest

183 1876 266 1939 alius
296 1896 376 1953 esse,
405 1896 499 1959 quam
527 1877 582 1960 qui
610 1877 861 1961 praedicabatur,
891 1882 1016 1962 oportet
1038 1879 1102 1961 (at)
1130 1884 1237 1943 actum
1264 1879 1333 1943 eius

182 1982 223 2044 ad
246 1982 475 2065 scripturarum
499 1986 642 2067 regulam
666 1986 862 2067 recognosci,
888 1985 1019 2067 duplici,
1044 1985 1106 2049 nial
1129 1985 1233 2061 fallor,
1261 2006 1333 2067 ope·

135 2088 303 2155 aratione
327 2090 528 2154 distinctum:
551 2091 796 2171 praedicationis
825 2096 857 2155 et
884 2092 1025 2158 uirtutis.
1056 2092 1111 2156 sed
1135 2092 1173 2155 do
1195 2097 1333 2174 utroque

183 2196 280 2261 titulo
313 2196 359 2261 sic
376 2194 568 2279 disponam,
601 2202 647 2276 ut,
682 2198 829 2279 quoniam
862 2198 968 2281 ipsum
1002 2217 1128 2280 quoque
1160 2199 1331 2264 Marcionis

183 2303 384 2386 euangelium
409 2304 512 2367 excuti
531 2304 660 2386 placuit,
686 2304 724 2368 de
748 2304 916 2386 speciebus
940 2305 1153 2369 doctrinarum
1172 2308 1205 2368 et
1228 2305 1332 2389 siguo·

181 2430 253 2474 rum
282 2410 360 2474 illuc
389 2410 580 2487 differamus,
615 2411 705 2493 quasi
732 2412 764 2473 in
793 2431 859 2475 rom
892 2416 1101 2495 praesentem,
1134 2413 1185 2476 bic
1223 2416 1330 2476 autem

182 2517 371 2599 generaliter
398 2536 613 2601 expungamus
643 2518 783 2582 ordinem
808 2524 966 2601 coeptum,
999 2520 1148 2584 docentes
1172 2519 1331 2601 praedica·

135 2628 284 2688 actorem
307 2623 434 2687 iuterim
458 2623 637 2687 adnuntiari
660 2622 823 2689 Christum
847 2644 903 2707 per
924 2625 1066 2690 Esaiam:
1092 2626 1183 2707 quis
1216 2626 1330 2701 enim,

181 2730 297 2813 inquit,
326 2730 365 2793 iu
393 2729 521 2806 uobis,
547 2730 614 2812 qui
643 2730 756 2794 deum
781 2731 939 2808 metuit,
965 2727 1026 2816 [et]
1051 2729 1246 2795 exaudiat
1268 2749 1330 2793 uo·
1427 2813 1431 2819 Ι

182 2856 264 2901 cem
302 2837 390 2901 filii
430 2838 538 2901 eius?
576 2838 653 2901 item
687 2838 928 2902 medicatorem:
966 2839 1054 2920 ipse
1087 2838 1181 2914 enim,
1214 2836 1329 2919 inquit,

180 2943 506 3009 imbecillitates
533 2952 696 3008 nostras
726 2944 906 3008 abstulit
934 2950 973 3007 et
1003 2945 1222 3028 languores
1246 2962 1329 3026 por·

180 3050 301 3115 tauit.

132 3180 159 3221 a
228 3158 279 3221 18.
307 3157 355 3221 De
379 3158 463 3221 exitu
486 3159 589 3239 plane,
618 3161 705 3239 puto,
735 3157 955 3222 diuersitatem
979 3158 1145 3237 temptatis
1169 3156 1327 3231 inducere,

270 3296 297 3364 6]
316 3294 362 3349 Es.
382 3296 424 3361 53,
444 3298 468 3349 3.
520 3296 719 3365 libis-idi.
766 3298 794 3365 9]
812 3296 844 3350 cf.
860 3297 904 3349 Es.
918 3296 962 3364 42,
976 3297 1057 3349 2—3.
1105 3295 1151 3363 20]
1167 3295 1210 3347 Es.
1227 3294 1268 3360 50,
1287 3294 1327 3347 10.

180 3386 226 3453 aa!
247 3384 291 3441 Es.
311 3386 355 3452 53,
373 3387 398 3438 4.
420 3384 453 3440 ci.
472 3386 569 3439 blattb.
590 3387 615 3445 8.
637 3388 677 3439 17.
734 3387 867 3450 25-410,
887 3386 913 3455 3]
935 3389 968 3439 cl.
988 3386 1051 3439 adu.
1070 3384 1186 3437 Iudaeos
1206 3400 1226 3436 c.
1249 3383 1290 3436 10.

219 3491 230 3542 l
252 3490 414 3544 uniuersitas
432 3491 532 3559 scripsi
550 3492 610 3559 (loc.
624 3508 690 3560 pem
705 3498 840 3558 accretae).-
859 3492 1003 3544 diuersitas
1019 3490 1081 3544 MR
1130 3492 1147 3541 3
1166 3488 1327 3541 censendam

180 3578 624 3648 ,llPaamcensendumRreliqai
659 3582 777 3633 dautem
790 3580 823 3632 de
838 3580 985 3649 proposito,
997 3580 1020 3631 si
1030 3579 1114 3647 uulgo
1155 3576 1327 3632 beristus?

181 3668 353 3737 lroxnoualpo
392 3668 424 3721 10
437 3668 575 3721 arudinem
586 3669 623 3721 ll
659 3669 688 3721 11
707 3668 858 3736 ΙίςῃιιιῃΜ
893 3669 925 3720 1‘2
940 3667 1062 3719 extinxit.
1078 3684 1131 3719 uon
1144 3667 1228 3734 uulgo
1282 3682 1325 3718 ex-

180 3759 262 3809 tinxit
277 3757 344 3824 <sed
362 3757 497 3811 lucernam
516 3757 603 3826 magis
623 3758 689 3811 lecit
707 3762 768 3811 ortu
787 3758 897 3810 luminis
912 3758 973 3822 sui>
990 3756 1063 3808 Pam
1119 3756 1151 3808 13
1172 3763 1199 3806 et
1218 3754 1326 3817 addid-i,

179 3862 236 3898 aon
254 3852 324 3899 recte
336 3852 445 3914 patarea
463 3846 604 3899 addidisse
622 3847 654 3899 ia
672 3846 729 3901 loco
747 3847 860 3913 pontello
879 3845 1045 3898 incitatorem
1068 3849 1161 3911 itaque
1209 3846 1242 3895 14
1258 3842 1325 3909 dup-

180 3934 300 4003 plicia!
343 3936 376 3988 16
395 3936 433 3988 sic
452 3950 504 3988 om.
523 3934 553 3987 F
598 3936 629 3989 17
651 3936 739 3989 excuti
753 3934 833 3989 bruta
854 3933 954 3986 discuti
968 3934 1099 4001 Rouana
1147 3933 1179 3984 18
1198 3932 1325 3997 illucR3,

178 4023 247 4077 illud
261 4023 334 4079 MR¹
389 4026 465 4092 quasi
484 4026 511 4077 in
531 4042 586 4077 rem
606 4032 777 4093 praesentem
792 4047 826 4068 =
842 4024 923 4091 quaet
940 4039 1026 4089 crogare
1044 4023 1075 4074 in
1084 4022 1273 4089 praesentiam
1288 4021 1326 4073 rei

179 4113 280 4179 ipsium
293 4112 338 4165 bic
351 4113 423 4165 enim
437 4112 471 4165 de
485 4112 700 4165 adarmtiatioac
715 4118 824 4165 tamtam
841 4111 882 4163 rei
895 4110 1039 4163 disseritur
1095 4110 1127 4163 19
1142 4125 1325 4177 expungamus

181 4200 214 4263 a,
235 4216 417 4271 expugnamus
436 4200 500 4253 MR
553 4202 584 4253 21
607 4206 634 4253 et
652 4201 750 4253 seclaesi
768 4202 815 4267 (cs.
830 4200 896 4251 adu.
910 4198 1002 4250 Marc.
1017 4197 1157 4250 111122:
1172 4199 1231 4271 quis
1246 4198 1324 4249 deum

178 4297 301 4343 metuens
320 4288 425 4355 audiat)
499 4288 625 4343 exaudiat
643 4289 685 4352 Jl,
705 4288 832 4341 exaudiet
849 4287 969 4355 Rautpo
1024 4288 1058 4339 25
1076 4288 1201 4341 temtatia
1219 4286 1254 4337 M
