3250 4959
367 385 423 439 VII.
443 386 612 441 Aduersus
631 386 832 441 Marcionem
852 386 900 442 lib.
914 386 956 441 ΠΙ
969 386 1084 441 22-23.
1234 390 1298 455 417

144 582 294 645 fecerunt
312 580 479 645 adorandis
499 581 589 645 uanis
611 585 642 645 et
661 581 795 658 nociuis,
821 580 853 644 id
872 586 922 645 eet
941 600 978 645 er
997 600 1059 663 quo
1079 600 1179 665 genus
1199 582 1299 647 horni-

145 706 223 752 num
262 687 437 751 dilucidata
470 708 526 771 per
560 687 722 753 Christum
755 687 891 752 ueritate
924 688 1009 752 idola
1045 690 1189 772 proiecit,
1226 690 1300 755 uide

147 814 187 858 an
233 793 317 876 quod
351 795 497 876 sequitur
529 800 720 878 expunctum
764 795 816 858 sit.
859 795 995 858 abstulit
1027 796 1110 859 enim
1153 796 1301 861 deminus

147 900 290 966 Sabaoth
330 920 347 964 a
374 900 493 965 Iudaea
525 906 557 964 et
590 901 627 964 ab
661 901 862 965 Hierusalem
899 902 982 965 inter
1014 908 1120 967 cetera
1157 907 1189 967 et
1230 923 1298 987 prc-

111 1008 278 1089 ephetam
318 1009 349 1071 et
387 1008 563 1089 sapientem
601 1007 822 1084 architectum
861 1008 1009 1091 spiritum
1051 1009 1174 1073 scilicet
1213 1029 1301 1074 sauc-

147 1118 231 1192 tum,
269 1114 324 1196 qui
361 1114 506 1178 aedificat
540 1114 719 1189 ecclesiam,
757 1115 912 1197 templum
947 1115 1070 1180 scilieet
1102 1121 1134 1179 et
1170 1115 1300 1181 domum

148 1226 182 1285 et
211 1220 375 1285 ciuitatem
406 1221 464 1285 dei.
494 1241 564 1285 nam
597 1221 707 1287 exinde
736 1221 821 1304 apud
853 1222 925 1286 illos
959 1222 1084 1285 destitit
1116 1222 1167 1285 dei
1200 1224 1302 1307 gratia

148 1330 183 1391 et
206 1327 390 1391 mandatum
421 1330 471 1392 est
494 1328 642 1405 nubibus,
668 1346 706 1391 ne
729 1329 876 1409 pluerent
899 1328 1033 1392 imbrem
1057 1348 1152 1410 super
1175 1329 1300 1394 uincam

149 1433 278 1511 Sorech,
311 1434 344 1498 id
377 1438 427 1499 est
459 1436 651 1499 caelestibus
684 1436 857 1504 beneficiis.
887 1454 925 1499 ne
962 1435 1163 1518 prouenireut
1192 1436 1300 1499 domui

101 1564 130 1603 ιο
149 1540 312 1605 israhelis.
331 1542 450 1605 iecerat
469 1542 552 1606 euim
573 1543 690 1624 spinas,
711 1542 883 1623 exquibus
904 1541 1066 1605 dominum
1086 1544 1302 1618 coronauerat

148 1652 182 1710 et
201 1666 261 1712 nou
280 1648 449 1725 iustitiam,
471 1648 527 1713 sed
547 1650 726 1722 clamorem,
748 1668 809 1730 quo
829 1650 860 1712 in
881 1667 1006 1713 crucem
1026 1668 1099 1712 eum
1118 1652 1301 1714 extorserat.

149 1758 183 1815 et
207 1754 252 1817 ita
276 1755 448 1819 subtractis
474 1756 701 1819 charismatum
725 1755 850 1819 roribus
873 1757 922 1819 lex
947 1759 979 1819 et
1001 1755 1172 1837 prophetae
1199 1773 1301 1836 usque

149 1859 190 1923 ad
215 1860 401 1937 Iohannem
432 1862 555 1935 dehinc,
581 1880 652 1925 cum
678 1882 714 1926 er
737 1862 972 1944 perseuerantia
994 1862 1110 1926 fumris
1134 1866 1166 1925 et
1188 1880 1300 1925 nornen

150 1968 271 2033 domini
291 1987 348 2050 per
365 1968 453 2050 ipsos
475 1968 757 2051 blasphemaretur.
779 1970 863 2032 sicut
878 1968 1032 2051 scriptum
1048 1972 1111 2032 est:
1135 1970 1303 2049 propter

104 2094 226 2139 151108
246 2094 383 2139 nemen
404 2074 915 2157 meumblasphematurin
938 2073 1300 2147 nationibus-ab

150 2182 218 2246 illis
253 2182 335 2245 enim
369 2182 474 2265 coepit
506 2182 636 2245 infamia
664 2219 706 2227 -
735 2185 767 2244 et
799 2186 928 2263 tempus
961 2182 1102 2245 medium
1130 2200 1148 2244 a
1175 2180 1300 2244 Tiberio

150 2307 254 2369 usque
282 2287 321 2352 ad
349 2288 580 2370 Vespasianum
613 2308 673 2352 non
705 2288 769 2371 <in>
800 2288 1028 2370 paenitentiam
1060 2287 1301 2363 intellexissent,

151 2396 236 2459 facta
279 2398 328 2459 est
367 2400 451 2459 terra
492 2414 601 2459 eorum
643 2396 777 2471 deserta,
821 2395 969 2458 ciuitates
1013 2414 1122 2459 eomm
1161 2397 1300 2469 exustae,

150 2502 316 2585 regionem
347 2520 455 2565 eorum
493 2501 552 2565 sub
585 2501 727 2583 ipsorum
762 2508 932 2583 conspectu
967 2502 1105 2564 extranei
1138 2500 1301 2576 deucmnt,

106 2625 134 2666 ac
153 2609 304 2673 derelicta
336 2606 402 2672 filia
435 2606 510 2673 Sicu
544 2613 593 2672 est
625 2612 788 2690 tamquam
827 2610 958 2691 specula
988 2608 1020 2671 in
1053 2608 1148 2672 uinea
1186 2609 1238 2671 uel
1270 2606 1302 2669 in

152 2716 370 2781 cucumerario
403 2716 522 2791 casula,
554 2734 590 2779 ex
624 2734 685 2796 que
724 2715 848 2778 scilicet
884 2714 1005 2779 israhel
1042 2715 1206 2778 domiuum
1240 2730 1301 2778 nou

152 2823 306 2907 cognouit
339 2826 370 2885 et
401 2824 540 2905 populus
574 2841 646 2886 eum
679 2841 739 2885 uon
773 2822 939 2890 intellexit.
972 2821 1028 2886 sed
1065 2821 1232 2901 dereliquit
1271 2822 1303 2883 et

153 2932 183 2995 in
216 2930 465 3013 indignationem
499 2930 687 3012 prouocauit
719 2934 864 2993 sanctum
897 2929 1057 2993 Israhelis.
1090 2928 1136 2992 sic
1169 2930 1201 2991 et
1237 2945 1302 2989 rna·

152 3037 284 3101 chaerae
313 3035 541 3100 condicionalis
572 3036 792 3099 comminatio:
828 3035 861 3098 si
889 3034 1112 3099 nolueritis
1141 3052 1212 3097 nec
1240 3051 1302 3095 au·

108 3142 325 3209 redieritis
354 3162 419 3221 me,
447 3142 663 3206 machaera
695 3162 767 3207 uos
801 3141 995 3218 comedet,
1024 3140 1170 3223 probabit
1199 3139 1303 3204 Chris·

151 3256 222 3314 tum
246 3250 358 3329 fuisse,
383 3268 477 3332 quem
501 3270 561 3315 uon
586 3250 741 3313 audiendo
766 3249 938 3331 perierunt,
967 3247 1022 3328 qui
1054 3252 1087 3311 et
1115 3247 1146 3310 in
1178 3246 1302 3329 psalmo

242 3440 440 3510 3—5]ct.1‹3s.
461 3441 485 3505 3,
507 3441 583 3494 1-a
626 3441 651 3510 8]
673 3440 706 3493 cl.
727 3440 770 3493 Es.
791 3442 816 3505 5,
836 3441 860 3493 6.
906 3438 947 3506 10]
968 3437 1001 3490 cl.
1017 3436 1062 3489 Ea.
1082 3439 1107 3504 5,
1126 3438 1152 3489 4.
1201 3435 1298 3503 ll]ci.

151 3530 198 3585 Es.
218 3532 243 3599 5,
264 3532 287 3583 7.
344 3531 388 3599 12]
408 3530 441 3583 cl.
461 3530 524 3583 Luc.
547 3531 587 3585 16.
609 3531 651 3582 16.
717 3529 758 3597 14]
780 3529 825 3581 Es.
845 3530 887 3587 52,
908 3530 932 3581 5.
990 3527 1034 3595 17]
1055 3525 1087 3578 cf.
1108 3526 1150 3578 Es,
1173 3526 1195 3584 1,
1216 3525 1296 3577 7-8.

152 3620 199 3687 22]
220 3618 254 3672 cl.
273 3618 318 3671 Es.
340 3619 364 3683 1,
382 3618 461 3671 3-4.
512 3617 558 3685 23]
578 3616 611 3669 ol'.
631 3616 713 3669 Dent.
733 3618 775 3682 29,
795 3615 911 3667 24-25.
931 3614 964 3667 ci.
984 3614 1027 3666 Ea.
1050 3614 1073 3681 l,
1093 3612 1136 3664 20.
1191 3612 1235 3680 24]
1256 3611 1299 3664 Ea.

154 3708 178 3771 1,
198 3707 241 3760 20.

191 3832 203 3885 1
224 3830 332 3885 noctuis
348 3831 418 3883 Pam
437 3834 481 3898 (=
497 3830 644 3899 surreptam,
664 3830 712 3882 aed
729 3830 765 3896 ef.
786 3829 851 3881 adn.
871 3828 935 3881 Iud.
956 3844 977 3880 c.
994 3830 1040 3892 13)
1086 3826 1103 3877 9
1122 3822 1216 3877 sorech
1231 3822 1302 3890 MF,

153 3919 299 3973 ScrethR
373 3919 405 3972 13
425 3936 456 3972 ex
475 3920 560 3972 Pam:
580 3936 611 3971 ea
630 3918 692 3971 Mla
762 3920 794 3971 15
815 3934 909 3969 nomen
930 3932 1018 3969 meum
1036 3914 1242 3983 blasphematur
1260 3912 1302 3979 M,

151 4008 358 4076 blasphematur
375 4024 474 4061 nornen
492 4025 580 4061 meum
602 4008 626 4061 R
683 4009 714 4060 l'r'
732 4008 797 4074 <in>
815 4006 1009 4075 paenitentiam
1029 4003 1141 4070 acrrpai:
1163 4002 1303 4071 paeniten-

151 4098 221 4151 tiam
236 4096 306 4156 MR.
320 4096 505 4165 paenitentiae
524 4097 590 4162 Lat,
608 4096 786 4165 paenitentia
803 4095 904 4163 (eum)
917 4092 981 4161 Eup
1036 4092 1068 4143 18
1082 4092 1191 4143 exustae
1204 4089 1305 4157 (igni)

152 4186 288 4252 Pantlea
307 4186 365 4239 loco
382 4184 460 4255 pem.)
519 4186 553 4239 20
573 4184 702 4237 derelbta
721 4185 801 4251 (est)
819 4184 892 4236 Pam
964 4181 1029 4234 Sion
1049 4191 1089 4232 est
1108 4178 1220 4246 scripsi:
1239 4179 1303 4231 Sion

154 4278 182 4330 et
200 4274 271 4343 MR,
293 4275 356 4328 Sion
376 4274 448 4327 Pam
502 4275 698 4327 cocurreritis
717 4272 757 4326 ed.
779 4272 946 4340 Mipuianc:
964 4269 1107 4323 uolneritis
1125 4265 1188 4320 MR

180 4400 314 4441 xxxxvrr.
328 4400 389 4440 aare.
405 4398 447 4438 111.
1234 4372 1267 4424 21
