3250 4959
342 410 407 473 3114
571 404 687 469 Quinti
708 404 849 474 Septimi
868 402 1039 457 Florentia
1059 401 1266 455 Tertulliani

343 602 445 665 lectus
465 601 644 683 ademptam
663 600 780 683 populo
801 618 819 661 a
838 600 988 663 creatore.
1013 597 1190 674 auferam,
1214 595 1328 677 inquit,
1349 594 1492 677 sapien-

343 710 434 772 tiam
463 707 692 789 sapientium
719 706 876 769 illorum
911 708 947 769 et
978 703 1216 787 prudentiam
1248 701 1490 785 prudentium

343 834 469 879 eorum
499 812 733 891 abscondam,
766 817 811 875 et:
845 832 933 875 aure
962 810 1128 875 audietis
1158 812 1195 874 et
1222 828 1291 872 non
1322 808 1490 873 audietis

344 928 379 986 et
404 920 526 985 oculis
551 920 738 983 uidebitis
763 922 800 981 et
823 938 892 982 uon
917 918 1118 981 uidebitis:
1150 917 1405 980 incrassatum
1435 922 1491 978 est

343 1028 439 1090 enim
469 1045 531 1090 cor
558 1025 689 1109 populi
719 1023 832 1087 huius
857 1028 893 1087 et
916 1023 1072 1087 auribus
1097 1022 1267 1107 grauiter
1290 1020 1492 1087 audieruut
1517 1041 1528 1077 a

344 1142 380 1197 et
405 1134 538 1199 oculos
564 1131 843 1209 concluserunt,
866 1149 909 1195 ne
934 1128 1079 1211 quando
1105 1128 1259 1192 auribus
1279 1127 1437 1191 audiant
1456 1139 1490 1189 et

343 1239 467 1304 oculis
488 1238 655 1303 ,uideant
688 1244 722 1301 et
747 1237 856 1302 corde
885 1236 1076 1301 coniciant
1099 1237 1136 1299 et
1159 1238 1434 1299 conuertentur
1456 1239 1490 1297 et

343 1365 466 1409 sanem
504 1344 604 1409 illos.
640 1345 720 1409 hano
757 1344 840 1407 euim
879 1344 1079 1407 obtusionem
1118 1342 1305 1405 salutarium
1338 1360 1488 1405 sensuum

342 1456 529 1527 meruerant,
545 1450 637 1515 labiis
653 1452 822 1534 diligentes
837 1450 942 1527 doum,
963 1450 1055 1515 corde
1071 1453 1175 1514 autem
1191 1450 1284 1533 longe
1300 1448 1491 1512 absistentes

343 1561 381 1625 ab
402 1579 449 1624 eo.
473 1560 573 1644 igitur
591 1559 618 1622 si
639 1558 784 1623 Christus
805 1557 932 1640 quidem
952 1557 1197 1623 adnuntiabatur
1214 1575 1233 1619 a
1252 1558 1394 1619 creatore
1418 1554 1488 1619 soli·
1506 1580 1528 1614 a·

343 1670 435 1733 dante
454 1668 631 1731 tonitruum
652 1670 683 1729 et
701 1666 856 1729 condente
876 1665 1025 1747 spiritum
1048 1670 1081 1729 et
1104 1664 1311 1729 adnuntiante
1335 1663 1368 1725 in
1393 1662 1489 1726 homi·

343 1795 397 1839 nes
432 1772 592 1838 Christum
627 1792 719 1836 snum
749 1772 924 1836 seouuduur
948 1772 1089 1836 lohelem
1114 1771 1312 1853 prophetam,
1337 1769 1366 1833 si
1390 1768 1488 1833 omnis

343 1899 417 1962 spes
441 1880 641 1954 ludaeorum,
671 1898 708 1941 ne
737 1879 840 1942 dicam
868 1880 962 1943 etiarn
988 1877 1143 1963 gentium,
1171 1878 1202 1941 in
1227 1876 1346 1941 Christi
1367 1874 1487 1940 reuela-

343 1987 461 2049 tionem
486 1986 712 2063 destinabatur,
737 1986 805 2049 sine
830 1984 925 2050 dubio
949 1985 982 2049 id
1006 1985 1303 2049 demonstrabantur
1325 2005 1387 2050 uon
1407 1980 1488 2071 agni-

342 2093 406 2156 turi
444 2096 475 2156 et
513 2112 572 2157 non
610 2092 803 2156 intellecturi
835 2093 950 2157 ablatis
983 2093 1157 2177 agnitionis
1190 2095 1223 2157 et
1253 2092 1488 2177 intellegentiae
1505 2113 1526 2151 u

342 2199 476 2273 uiribus,
502 2200 657 2281 sapientia
680 2203 774 2280 atque
798 2200 975 2281 prudentia,
1001 2200 1085 2281 quod
1109 2200 1367 2277 adnuntiabatur,
1391 2200 1489 2263 idest

343 2305 498 2381 Christus
524 2306 673 2369 erraturis
698 2307 728 2369 in
753 2326 825 2370 eum
850 2306 1077 2390 principalibus
1097 2306 1292 2389 sapientibus
1312 2325 1436 2374 eorum.
1459 2306 1487 2369 id

343 2416 392 2475 est
420 2411 543 2488 sosibio,
572 2418 604 2475 et
632 2413 840 2496 prudentibus
870 2429 990 2490 eorum,
1014 2414 1047 2478 id
1075 2417 1126 2479 est
1153 2413 1344 2480 Pharisaois.
1374 2415 1489 2496 pariter

343 2523 375 2581 et
398 2519 516 2600 populo
541 2518 670 2585 auribus
696 2520 842 2585 audituro
867 2525 898 2584 et
921 2540 981 2585 non
1006 2521 1166 2598 audituro,
1190 2521 1301 2603 utique
1325 2520 1488 2585 Christum

344 2624 519 2701 docentem,
554 2628 586 2688 et
614 2627 715 2690 oeulis
745 2627 853 2691 uisuro
883 2629 915 2691 et
943 2647 1003 2692 non
1032 2628 1151 2704 uisuro,
1184 2628 1296 2709 utique
1325 2626 1487 2692 Christum
1503 2650 1526 2685 a·

344 2732 434 2814 signa
460 2731 639 2807 facientem,
669 2733 842 2799 secundum
873 2734 957 2815 quod
986 2738 1018 2798 et
1045 2734 1134 2798 alibi:
1164 2738 1202 2798 et
1228 2733 1313 2815 quis
1343 2753 1489 2799 caecus.

343 2837 417 2901 nisi
447 2840 551 2920 pueri
582 2839 674 2903 mei?
704 2844 739 2903 et
774 2840 858 2922 quis
891 2842 1038 2919 surdus,
1073 2840 1146 2905 nisi
1179 2842 1242 2923 qui
1275 2841 1490 2907 dominatur

344 2946 490 3007 eorum?
524 2944 579 3007 sed
609 2950 640 3009 et
668 2965 738 3011 cum
769 2947 934 3027 exprobrat
962 2966 1017 3030 per
1044 2948 1176 3013 eundem
1206 2948 1347 3013 Esaiam:
1384 2950 1488 3013 filios

345 3050 521 3131 generant
556 3054 591 3114 et
620 3053 795 3129 exaltasi,
831 3054 955 3117 atilli
984 3075 1039 3117 me
1067 3055 1297 3129 reieceruut;
1332 3058 1489 3140 agnouit

344 3155 409 3219 hos
433 3174 692 3237 possessorem
717 3177 826 3222 suum
851 3165 887 3223 et
910 3160 1039 3224 asinus
1059 3180 1240 3243 praesepe
1259 3161 1401 3227 domini
1422 3162 1488 3226 sui.
1504 3182 1527 3221 a

344 3262 489 3327 israhel
523 3268 645 3327 autem
679 3284 733 3329 me
767 3285 836 3331 non
870 3268 1053 3350 cognouit
1081 3272 1117 3332 et
1143 3268 1307 3351 populus
1336 3289 1392 3333 me
1421 3288 1487 3332 non

341 3368 544 3435 intellexit.
579 3389 635 3434 nos
666 3372 791 3453 quidem
822 3374 899 3437 certi
924 3374 1084 3439 Christum
1114 3394 1239 3456 semper
1265 3376 1296 3439 in
1325 3376 1489 3457 prophetis

342 3476 494 3555 locutum,
516 3515 556 3523 —
576 3478 721 3559 spiritum
742 3479 867 3543 seilicet
885 3482 1044 3561 creatoris,
1065 3482 1150 3546 sicut
1167 3482 1323 3566 propheta
1336 3488 1486 3549 testatur:

434 3701 459 3770 l]
480 3701 588 3763 beau,
610 3704 649 3757 14.
719 3704 972 3773 elusos-10.
1046 3708 1074 3777 9]
1094 3706 1127 3761 cl.
1148 3708 1190 3761 Es.
1212 3709 1255 3770 29,
1276 3710 1318 3763 13.
1391 3710 1436 3779 10]
1455 3710 1488 3763 cs.

344 3792 402 3843 Aru.
422 3794 448 3858 4,
470 3794 510 3845 13.
565 3794 610 3861 21]
631 3792 676 3847 Es.
697 3796 740 3857 42,
761 3796 801 3849 19.
858 3796 903 3865 23]
924 3798 968 3852 Es.
989 3799 1013 3863 l,
1034 3799 1059 3851 3.

378 3937 394 3985 ὅ
414 3934 583 3987 obtusionem
600 3936 641 4003 M,
662 3936 850 3991 obtunsionem
866 3938 893 3991 R
912 3976 918 3981 -
945 3940 974 3992 ll
997 3939 1129 3994 condente
1143 3940 1215 3993 Lat:
1233 3941 1414 3995 concludente
1428 3941 1488 3996 MR

345 4023 376 4073 12
396 4021 511 4074 iohelem
531 4024 573 4091 M,
593 4024 692 4077 loelern
713 4028 746 4089 ll,
767 4032 848 4080 Amos
867 4028 940 4080 Pom
1005 4030 1037 4082 13
1056 4046 1090 4082 no
1109 4029 1162 4083 t're
1179 4034 1224 4097 (ne
1243 4028 1331 4083 dicam
1351 4031 1433 4085 etiam
1452 4034 1487 4098 cs.

345 4113 411 4177 3s7,
436 4114 496 4173 ab:
523 4112 621 4165 nedum
646 4114 707 4167 hill
790 4117 822 4168 16
846 4119 981 4185 sapientia
1004 4123 1085 4187 atque
1108 4117 1253 4187 prudentia
1270 4120 1305 4185 R,
1325 4120 1486 4187 sapientiam

343 4207 424 4266 atque
453 4200 620 4267 prudentiam
649 4204 714 4255 Ml*
791 4206 822 4257 18
851 4206 1028 4275 prudentibus
1053 4224 1143 4261 eurum
1166 4207 1237 4268 ΜΡ,
1260 4206 1439 4277 prudentibus
1460 4208 1487 4262 R

343 4286 376 4338 ‘22
396 4286 567 4341 dominantur
585 4293 648 4357 fort.
