3250 4959
419 368 455 422 11.
475 367 521 422 De
541 367 658 423 Carnis
676 367 937 422 Resurrectione
955 369 1070 423 49—50.
1258 373 1320 436 103

168 562 320 644 capiendo
346 563 395 626 dei
420 581 552 646 regnum
573 561 612 626 ad
632 561 906 626 conuersationem
926 561 1116 646 rediguntur
1138 565 1323 629 uetustatis.

167 669 261 750 plane
286 671 313 734 si
337 689 510 752 numquam
534 669 698 750 apostolus
723 688 777 752 pro
803 669 951 751 operibus
972 670 1183 734 substantiam
1202 670 1320 754 posuit,

167 795 224 839 nec
249 775 301 840 bic
326 775 371 840 ita
394 779 510 839 utatur.
535 775 562 838 si
587 794 660 839 uero
680 775 711 838 in
733 792 825 838 carue
845 774 948 839 adhuc
973 776 1166 840 constitutos
1191 779 1322 860 negauit

168 903 240 948 esse
269 883 299 946 in
328 901 429 961 came,
457 883 490 946 in
519 882 668 964 operibus
698 881 800 946 carnis
828 901 947 965 negans
976 901 1057 960 esse,
1089 883 1223 948 formam
1252 884 1320 948 eius

137 991 321 1054 ssubmere
359 1009 419 1054 non
449 989 556 1066 debes,
585 1008 646 1052 nou
675 988 887 1052 substantiam
917 989 973 1052 sed
1001 1007 1096 1071 opera
1124 991 1321 1055 substantiae

168 1097 337 1160 alienantis
362 1095 453 1161 adei
481 1115 588 1179 regno.
618 1094 734 1177 quibus
765 1094 925 1160 etiamad
950 1094 1081 1160 Galatas
1106 1097 1321 1161 manifestatis

165 1203 348 1284 praedicere
377 1222 410 1266 se
440 1206 471 1266 et
497 1202 689 1284 praedixisse
721 1199 897 1282 profitetur,
923 1201 1008 1284 quod
1037 1202 1091 1284 qui
1119 1202 1197 1266 talia
1225 1207 1322 1287 agant

167 1329 302 1393 regnum
335 1309 385 1374 dei
419 1329 479 1372 non
514 1309 578 1373 sint
609 1307 784 1372 hereditate
819 1310 1031 1386 consecuturi,
1063 1329 1125 1374 nou
1158 1312 1320 1391 portantes

167 1417 292 1480 scilicet
319 1416 490 1500 imaginem
514 1416 677 1492 caelestis,
700 1415 785 1478 siout
813 1419 1018 1496 portauerant
1050 1415 1162 1493 choici,
1186 1415 1320 1497 ideoque

121 1544 148 1582 ro
169 1543 205 1588 er
235 1529 342 1586 uetere
371 1521 609 1606 conuersatione
639 1521 720 1584 nibil
748 1521 836 1584 aliud
865 1522 1038 1604 deputandi
1068 1543 1163 1604 quam
1193 1542 1264 1588 caro
1290 1528 1322 1588 et

167 1629 311 1713 sanguis.
332 1647 521 1711 quamquam
542 1631 574 1691 et
593 1627 620 1692 si
641 1628 748 1692 subito
772 1629 804 1692 in
824 1630 905 1692 banc
924 1628 1139 1694 definitionem
1163 1631 1322 1712 erupisset

168 1738 345 1820 apostolus,
379 1733 601 1798 eliminandam
635 1753 760 1798 carnem
794 1739 827 1800 et
859 1736 1046 1819 sangninem
1079 1755 1097 1799 a
1130 1735 1178 1800 dei
1212 1755 1320 1820 regno,

168 1844 236 1908 sine
268 1843 368 1906 ullius
402 1859 497 1923 supra
534 1859 646 1905 sensus
683 1842 946 1924 praestructione,
984 1861 1087 1906 nonne
1124 1842 1204 1906 duas
1239 1842 1320 1907 istas

168 1951 366 2014 substantias
395 1947 527 2030 proinde
556 1947 719 2012 bominem
751 1952 891 2012 ueterem
926 1949 1207 2030 interpretaremur
1238 1949 1322 2012 carni

123 2079 149 2118 ιε
171 2061 203 2120 et
232 2055 379 2140 sanguini
408 2055 562 2131 deditum,
591 2054 624 2117 id
657 2058 707 2118 est
737 2055 806 2119 esui
836 2059 868 2119 et
895 2056 996 2136 potui,
1026 2056 1118 2119 cuius
1147 2055 1190 2120 sit
1218 2056 1322 2119 dicere

170 2164 325 2228 aduersus
353 2161 447 2226 fidem
475 2161 730 2226 resurrectionis:
764 2161 1031 2226 manducemus
1067 2166 1103 2226 et
1134 2162 1320 2236 bibamus,

170 2289 252 2334 cras
287 2269 384 2332 eninr
417 2269 638 2332 moriemur?
672 2272 704 2332 et
736 2268 797 2333 boc
831 2269 914 2332 enim
950 2269 1120 2333 infulciens
1145 2267 1321 2351 apostolus,

170 2397 295 2442 carnem
329 2381 361 2440 et
392 2375 578 2459 sanguinem
612 2375 650 2439 de
682 2375 840 2440 fructibus
872 2376 1015 2456 ipsorum
1048 2374 1258 2440 manducandi
1290 2378 1323 2437 et

169 2481 299 2548 bibendi
324 2481 522 2566 suggillauit.

124 2610 150 2648 eo
216 2591 270 2654 50.
301 2588 419 2653 Sedet
446 2588 574 2653 omissis
603 2588 786 2653 huiusmodi
815 2589 1130 2673 interpretationibus
1159 2588 1261 2652 caruis
1290 2591 1323 2652 et

169 2695 338 2778 sanguinis
358 2713 453 2776 opera
471 2695 662 2770 taxantibus,
682 2695 769 2776 ipsas
789 2714 914 2777 quoque
934 2696 1130 2760 substantias
1149 2714 1209 2758 non
1231 2694 1322 2758 aliter

169 2821 265 2884 quam
290 2805 366 2866 sunt
383 2801 563 2866 intellectas
582 2801 693 2866 licebit
712 2802 934 2866 resurrectioni
954 2802 1125 2866 uindicare.
1150 2821 1210 2865 non
1235 2801 1319 2864 enim

168 2908 361 2973 resurrectio
386 2907 471 2970 carni
496 2911 527 2971 et
551 2908 697 2990 sanguini
717 2908 837 2972 directo
856 2911 999 2992 negatur,
1023 2909 1078 2974 sed
1103 2908 1153 2972 dei
1176 2927 1320 2992 regnum,

169 3015 256 3098 quod
276 3013 407 3078 obuenit
424 3014 648 3078 resurrectioni
672 3051 715 3060 -
739 3017 915 3078 astantem
935 3020 968 3080 et
985 3017 1017 3081 in
1036 3015 1192 3080 iudicium
1216 3033 1320 3078 resur-

123 3153 149 3192 ει
168 3121 269 3186 rectio
286 3157 338 3198 ——,
353 3120 450 3184 immo
472 3125 505 3184 et
524 3119 725 3186 confirmatur
744 3122 846 3185 carnis
860 3123 1048 3187 resurrectio
1066 3122 1232 3207 generalis,
1248 3140 1320 3185 cum

170 3227 322 3312 specialis
351 3228 513 3310 excipitur.
543 3228 617 3292 dum
647 3229 729 3292 enim
753 3229 785 3292 in
815 3247 908 3310 quem
938 3233 1059 3292 statum
1086 3248 1147 3294 non
1175 3231 1322 3310 resurgat

170 3335 319 3409 edicitur,
348 3335 380 3397 in
414 3354 506 3416 quem
540 3340 686 3419 resurgat
719 3335 918 3401 subauditur.
953 3341 1048 3419 atque
1080 3336 1135 3414 ita,
1161 3335 1235 3398 dum
1265 3353 1320 3416 pro

170 3441 295 3507 meritis
307 3439 802 3506 distinctionemresurrectionis
819 3460 898 3524 opus
915 3442 1122 3518 substantiae,
1134 3461 1194 3505 non
1210 3460 1321 3524 genus,

170 3549 301 3630 patitur,
336 3552 465 3630 apparet
497 3548 569 3611 hinc
600 3567 724 3630 quoqne
758 3567 881 3612 carnem
916 3553 947 3612 et
980 3549 1165 3632 sanguinem
1195 3547 1321 3611 nomine

262 3775 290 3842 3]
312 3773 344 3826 cf.
364 3773 392 3826 ΙΙ
412 3773 471 3830 Cor.
493 3776 535 3836 10,
554 3775 579 3828 3.
635 3775 662 3844 6]
684 3775 717 3828 cf.
738 3773 797 3830 Gal.
818 3779 842 3839 5,
863 3775 905 3828 21.
963 3775 1041 3844 1611
1062 3773 1122 3829 Cor.
1145 3776 1189 3838 15,
1209 3775 1252 3828 32.

208 3899 222 3952 1
253 3899 400 3952 uetustatis
424 3897 478 3952 R³:
510 3899 635 3952 ueritatis
663 3899 864 3969 Pmbranp
955 3901 969 3952 7
999 3903 1160 3968 agunt....
1177 3903 1240 3952 sunt
1269 3897 1322 3952 Gel

170 3986 352 4041 8hereditste
364 3987 429 4042 Get:
443 3988 470 4040 in
485 3987 638 4041 hereditate
653 3988 744 4041 PMF
796 3988 812 4042 9
832 3993 1008 4058 portauerant
1025 3989 1089 4055 ΡΒ,
1108 3987 1277 4057 portabimus
1296 3987 1323 4040 P

171 4081 253 4144 (corr.
272 4077 343 4130 irnus
361 4078 393 4130 iu
412 4083 488 4130 erant
506 4077 543 4142 R)
564 4077 600 4130 M
653 4079 686 4130 10
706 4077 879 4131 existimandi
901 4077 924 4130 C
978 4079 1008 4131 11
1030 4095 1193 4146 quamquam
1211 4077 1322 4144 scripsi.-

170 4183 233 4220 nam
253 4165 346 4219 PMF
395 4167 427 4218 14
445 4167 733 4234 interpretaremurB,
750 4167 975 4234 interpretaretur
993 4167 1084 4220 PMF
1130 4167 1165 4220 22
1188 4182 1320 4220 resurrec-

170 4257 247 4308 tione
257 4254 287 4307 F
330 4254 364 4306 23
378 4258 495 4323 negctur
505 4254 598 4322 PMF,
614 4254 765 4322 denegatur
781 4255 834 4308 Get
878 4256 913 4307 24
918 4256 1100 4322 parenthesin
1109 4255 1248 4308 indicauit
1258 4253 1323 4322 Enp
