3250 4959
304 409 345 472 48
535 402 653 470 Quinti
671 405 816 475 Septimi
834 404 1007 459 Florentia
1025 404 1232 459 Tertulliani

302 601 448 683 probabit
479 600 590 665 Lazari
627 601 816 683 exemplum.
858 600 931 665 dedi
967 602 1068 685 igitur
1104 600 1286 666 aduersario
1329 599 1447 665 dicere:

301 725 377 791 ergo
409 727 491 790 quae
512 708 608 772 habet
635 706 865 790 corpulentiam
892 710 1050 789 propriam
1083 708 1121 771 de
1150 726 1209 772 suo
1242 706 1383 771 sufficiet
1410 707 1449 770 ad

300 812 487 879 facultatem
511 813 669 895 passionis
693 818 726 877 et
748 832 873 892 sensus,
902 818 1022 877 utnon
1047 817 1140 897 egeat
1162 813 1449 896 repraesentatione

291 920 412 984 curnis.
437 920 536 984 immo
561 923 691 984 eatenus
716 920 832 1003 egebit,
855 939 915 985 non
945 939 1006 1002 que
1030 919 1147 983 sentire
1166 918 1243 1000 quid
1265 919 1333 984 sine
1357 937 1450 983 carne

300 1044 362 1092 non
390 1027 503 1108 possit,
533 1026 588 1091 sed
613 1046 675 1108 qua
697 1044 828 1093 necesse
856 1028 907 1090 est
927 1026 1016 1090 illam
1040 1026 1137 1089 etiam
1160 1044 1234 1090 cum
1262 1044 1355 1091 carne
1380 1044 1450 1113 sen·
1476 1036 1492 1077 ⁵

301 1134 371 1197 tire.
400 1136 554 1215 quantum
582 1134 665 1197 enim
694 1132 733 1197 ad
767 1132 924 1215 agendum
958 1131 996 1196 de
1024 1150 1082 1196 suc
1110 1131 1240 1210 sufficit,
1268 1136 1392 1197 tanturn
1417 1135 1451 1195 et

301 1240 341 1304 ad
372 1239 566 1322 patiendum.
599 1239 639 1303 ad
671 1238 830 1323 agendum
864 1242 971 1302 autem
1007 1238 1115 1303 miuus
1151 1238 1190 1303 de
1227 1257 1286 1303 sno
1318 1238 1448 1304 sufficit

300 1346 396 1411 habet
419 1346 501 1411 enirn
527 1346 564 1410 de
598 1365 656 1411 suo
690 1345 890 1411 solummodo
924 1345 1065 1429 cogitare
1096 1345 1183 1410 uelle
1206 1365 1321 1429 cupere
1344 1346 1449 1427 dispo·

300 1470 383 1533 nere,
408 1452 448 1516 ad
469 1452 695 1535 perficiendum
720 1454 826 1515 autem
851 1470 978 1535 operam
1006 1453 1107 1517 carnis
1136 1455 1289 1533 expectat
1317 1452 1364 1516 sic
1390 1452 1450 1516 ita-

301 1577 361 1640 que
394 1562 426 1623 et
458 1559 497 1623 ad
528 1558 712 1642 patiendum
745 1558 933 1623 societatem
965 1560 1068 1624 carnis
1096 1561 1285 1642 expostulat
1317 1561 1356 1624 ut
1382 1562 1449 1623 tam
1468 1572 1497 1612 ¹⁰

299 1666 392 1748 plene
424 1684 481 1748 per
513 1684 580 1730 eam
615 1665 681 1747 pati
715 1664 819 1747 possit
851 1684 945 1748 quam
978 1665 1046 1730 sine
1079 1683 1115 1730 ea
1146 1666 1239 1747 plene
1266 1684 1360 1750 agere
1387 1685 1449 1730 non

300 1772 413 1855 potuit.
438 1776 470 1836 et
492 1772 563 1837 ideo
586 1772 618 1836 in
643 1790 723 1854 quae
748 1772 786 1836 de
810 1790 869 1837 suo
893 1772 1023 1848 sufficit,
1047 1792 1157 1837 eorum
1174 1773 1300 1837 interim
1325 1777 1449 1837 senten·

298 1880 376 1943 tiam
400 1878 519 1961 pendit,
545 1879 821 1962 concupiscentiae
845 1882 878 1943 et
901 1880 1063 1962 cogitatus
1088 1882 1121 1944 et
1144 1880 1331 1945 uoluntatis.
1355 1899 1448 1963 porro

299 1986 327 2050 ei
363 1986 440 2051 haee
473 1984 553 2050 satis
591 1988 700 2051 esseut
736 1986 775 2050 ad
813 1986 1044 2069 plenitudinem
1081 1987 1277 2062 meritorum,
1314 1990 1352 2052 ut
1387 2004 1448 2050 non

298 2093 531 2175 requirerentur
560 2098 592 2157 et
618 2093 711 2164 faeta,
746 2092 909 2159 sufficeret
934 2094 967 2158 in
995 2096 1099 2159 totum
1128 2094 1233 2158 anima
1259 2094 1299 2157 ad
1329 2094 1447 2177 perfec·
1468 2104 1496 2144 ¹⁸

297 2200 417 2263 tionem
445 2199 566 2277 iudicii,
595 2199 633 2264 de
662 2200 711 2265 his
739 2199 918 2277 iudicanda,
947 2201 979 2265 in
1008 2220 1088 2283 quae
1116 2200 1237 2285 agenda
1260 2202 1328 2267 sola
1355 2200 1450 2265 auffe-

298 2310 392 2371 cerat.
423 2325 496 2370 curn
519 2324 594 2371 uero
625 2307 721 2370 etiam
749 2306 835 2371 iacta
863 2306 1011 2372 deuineta
1035 2307 1100 2372 sint
1126 2307 1260 2384 meritis,
1288 2307 1372 2372 iacta
1395 2328 1449 2372 au-

302 2417 368 2477 tem
391 2433 446 2496 per
470 2432 593 2477 caruem
618 2412 888 2492 administrentur,
912 2414 977 2479 iam
995 2434 1057 2479 non
1081 2414 1201 2478 sufficit
1223 2414 1358 2480 animam
1383 2415 1451 2479 eine

304 2538 395 2585 carne
417 2520 519 2585 foueri
538 2521 607 2584 siue
627 2520 759 2585 cruciari
777 2540 834 2603 pro
854 2520 1004 2604 operibus
1024 2522 1119 2585 etiam
1139 2520 1251 2586 carnis.
1275 2521 1337 2585 etsi
1355 2520 1453 2585 habet

304 2644 429 2709 corpus,
454 2627 514 2691 etsi
537 2626 634 2691 habet
655 2628 806 2703 membra,
826 2627 957 2710 proinde
979 2628 1028 2691 illi
1051 2647 1112 2692 non
1136 2627 1301 2692 sufiiciunt
1322 2625 1361 2689 ad
1385 2645 1453 2691 een·
1471 2638 1501 2678 ω

305 2732 446 2797 tiendum
479 2752 573 2815 quam
606 2750 663 2798 nec
701 2734 741 2798 ad
773 2733 931 2818 agendum
963 2734 1112 2815 perfecte.
1144 2734 1263 2798 idcirco
1300 2752 1356 2816 pro
1388 2749 1452 2813 quo

305 2840 399 2903 modo
428 2840 503 2923 egit,
532 2858 588 2922 pro
618 2858 654 2903 eo
684 2844 716 2903 et
738 2840 860 2920 patitur
887 2840 971 2921 apud
1005 2840 1134 2917 inferos,
1166 2840 1251 2922 prior
1278 2837 1453 2922 degustans

201 2964 204 2969 ·
304 2946 469 3021 iudicium,
508 2946 593 3011 sicut
618 2946 704 3029 prior
730 2946 855 3010 induxit
883 2946 1070 3022 admissum,
1096 2952 1263 3030 expectans
1290 2949 1397 3009 minen
1416 2947 1454 3009 et

307 3070 441 3131 carnem,
474 3057 512 3117 ut
547 3072 604 3135 per
635 3053 724 3117 illam
754 3054 849 3117 etiam
881 3052 966 3117 iacta
998 3056 1191 3134 compenset,
1225 3052 1277 3116 cui
1313 3052 1455 3136 cogitata

307 3160 479 3224 mandauit.
504 3160 638 3243 denique
663 3160 740 3225 haec
769 3161 830 3223 erit
851 3160 933 3223 ratio
956 3159 988 3223 in
1011 3159 1161 3224 ultimum
1183 3160 1278 3224 tinem
1303 3156 1454 3223 destinati
1471 3168 1501 3210 ²⁸

307 3265 428 3343 iudicii,
466 3269 503 3329 ut
539 3265 732 3330 exhibitione
764 3266 866 3330 carnis
900 3265 1001 3330 omnis
1039 3264 1147 3329 diuina
1183 3284 1316 3329 censura
1345 3262 1453 3345 perlici

306 3371 418 3455 possit.
452 3373 593 3455 alioquin
631 3392 690 3437 nou
732 3372 944 3436 sustineretur
977 3372 1009 3434 in
1051 3371 1156 3449 finem,
1185 3371 1271 3454 quod
1303 3376 1335 3435 et
1370 3388 1453 3433 nune

307 3479 428 3543 animae
440 3479 651 3560 decerpuntur
665 3478 747 3563 apud
758 3479 885 3545 interos.
902 3473 942 3565 [si
957 3479 1035 3543 solie
1047 3479 1211 3543 animabus
1222 3472 1453 3562 destinaretur]

355 3587 405 3649 18.
430 3586 605 3667 Hucusque
629 3585 934 3667 praestructionibus
959 3586 1078 3669 egerim
1107 3585 1146 3649 ad
1173 3584 1361 3650 muniendos
1386 3602 1454 3647 sen-

309 3710 364 3756 sus
383 3692 524 3755 omnium
540 3692 777 3774 scripturarum,
797 3711 877 3777 qnae
902 3692 1003 3757 earnis
1022 3692 1234 3756 recidiuatum
1252 3691 1453 3773 pollicentur.
1471 3704 1499 3746 eo

348 3846 498 3910 lprobabit
507 3847 602 3909 PMF,
613 3847 740 3918 probauit
752 3848 803 3903 cer
857 3849 874 3901 2
889 3848 1048 3903 sufficiatF
1098 3849 1116 3901 4
1131 3866 1183 3918 qua
1192 3846 1268 3909 FR³‚
1283 3847 1346 3917 quia
1355 3843 1455 3902 ΡΜΒ1

310 3934 642 4005 5quaFR³.quiaPMR¹
668 3937 849 3991 detiamadO
875 3937 1157 4005 lacernisetsiealpo
1185 3935 1456 4004 acproindeeoipet:

310 4024 596 4093 quaeproindePMF
630 4025 1201 4095 21quemnececripea':necPME<plene
1210 4023 1456 4095 quemadmodum>

310 4130 360 4167 nec
372 4114 423 4168 cer
432 4116 532 4184 reliqui
587 4114 1014 4185 quoPquuoqquPamRr'p
1025 4115 1154 4170 certem
1190 4112 1461 4169 2ienetinueruntF

310 4204 346 4258 28
360 4203 540 4273 decerpuntur
558 4204 600 4275 (id
618 4212 656 4259 est
675 4212 838 4273 carpuntur,
853 4206 1023 4274 puniantur)
1038 4205 1133 4268 PMF,
1150 4204 1298 4274 decerpunt
1319 4201 1370 4257 ce
1392 4203 1455 4257 reli·

310 4293 359 4362 quei
431 4292 674 4347 ei-destinaretur
691 4295 752 4349 aeci.
765 4294 829 4364 Erip
846 4300 879 4347 ut
896 4294 1170 4361 interpretamentum
1185 4292 1318 4348 recaduti
1335 4290 1457 4361 alioquin
