3250 4959
440 411 500 465 vl1.
521 411 690 464 Aduersus
708 412 907 465 Marcionem
927 410 974 464 lib.
993 411 1017 463 V
1037 412 1079 464 12.
1265 415 1331 479 617

183 606 335 690 quamdiu
367 606 399 670 in
432 626 523 672 earne
551 625 673 685 sumus,
705 625 742 672 ae
772 609 938 690 propterea
970 606 1083 672 debere
1113 606 1190 672 boni
1218 607 1333 672 dueere

183 713 297 778 abesse
319 714 428 797 potius
452 733 470 779 a
494 732 622 797 corpore
647 716 679 778 et
702 733 773 780 esse
797 732 871 778 eum
899 713 1037 791 domino,
1070 716 1107 777 ut
1139 717 1171 779 et
1197 719 1331 780 mortem

182 820 319 886 libenter
342 822 545 903 excipiamus.
570 823 665 904 atque
689 820 765 885 adeo
791 840 900 886 omnes
925 821 970 884 ait
992 839 1049 885 nos
1073 823 1217 903 oportere
1236 822 1334 885 mani-

182 927 293 993 festari
313 932 401 994 ante
433 928 573 994 tribunal
607 927 737 1007 Christi,
771 932 808 992 ut
837 927 971 1011 recipiat
1003 928 1222 1010 unusquisque
1253 947 1334 1010 quae

146 1053 241 1116 aper
273 1053 388 1117 eorpus
422 1035 552 1100 admisit
584 1035 652 1099 siue
681 1034 799 1098 bonum
829 1034 899 1098 sine
925 1034 1056 1098 malum.
1090 1035 1118 1098 si
1146 1034 1229 1098 enim
1257 1036 1334 1098 tune

182 1142 351 1208 retributio
371 1143 567 1221 meritorum,
589 1142 746 1224 quomodo
762 1142 827 1206 iam
841 1142 940 1223 aliqui
954 1161 1027 1207 eum
1043 1141 1170 1207 domino
1185 1144 1335 1225 poterunt

184 1247 353 1331 deputari?
377 1252 410 1313 et
431 1249 571 1314 tribunal
594 1251 702 1312 autem
727 1247 915 1313 nominando
936 1251 969 1312 et
987 1248 1240 1330 dispunctionem
1260 1248 1335 1313 boni

183 1372 220 1419 ae
254 1354 329 1419 mali
361 1355 465 1437 operis
494 1355 662 1437 utriusque
691 1355 866 1421 sententiae
888 1355 1027 1418 iudicem
1052 1355 1191 1419 ostendit
1214 1359 1247 1420 et
1269 1374 1334 1420 eor-

182 1461 324 1542 penalem
334 1463 474 1526 omnium
485 1463 804 1545 repraesentationem
817 1461 1026 1528 confirmauit.
1046 1481 1106 1526 non
1124 1462 1205 1527 enim
1217 1462 1336 1543 poterit

135 1587 164 1626 ιο
183 1567 269 1650 quod
289 1587 416 1650 oorpore
440 1569 616 1634 admissum
635 1571 764 1633 estnon
785 1587 915 1649 corpore
933 1567 1076 1634 iudicari.
1100 1569 1231 1650 iniquus
1251 1569 1334 1633 enim

184 1673 275 1750 dens,
291 1674 320 1739 si
338 1694 397 1738 non
413 1695 469 1758 per
481 1675 513 1739 id
529 1676 661 1757 punitur
680 1676 751 1756 quis
771 1679 827 1739 aut
845 1675 985 1752 iuuatur,
1005 1695 1061 1758 per
1079 1675 1164 1756 quod
1184 1679 1333 1757 operatus

185 1785 243 1845 est.
304 1781 343 1846 Si
368 1801 442 1863 qua
467 1801 560 1866 ergo
586 1782 772 1846 eonditio
797 1801 902 1846 noua
924 1782 963 1845 in
989 1782 1164 1856 Christo,
1188 1787 1333 1847 uetera

183 1889 451 1967 transierunt,
475 1907 567 1952 eoae
592 1907 694 1951 noua
716 1888 826 1951 faeta
845 1889 942 1952 sunt
961 1888 1105 1951 omnia:
1130 1888 1264 1970 impleta
1284 1891 1335 1952 est

184 1993 298 2058 Esaiae
321 1995 496 2077 prophetia.
522 1995 550 2058 si
575 1995 670 2058 etiam
694 1993 793 2070 iubet,
814 1997 854 2056 ut
876 1993 1067 2057 mundemus
1092 2013 1149 2058 nos
1174 1993 1213 2057 ab
1234 1994 1335 2076 inqui·

139 2105 335 2165 eramento
368 2102 469 2166 earnis
504 2105 537 2165 et
568 2101 743 2184 sanguinis,
776 2119 838 2164 non
872 2100 1084 2165 substantiam
1120 2120 1192 2165 aas
1226 2081 1335 2184 capere

185 2225 318 2292 regnum
343 2209 403 2274 dei.
438 2209 466 2272 si
490 2211 522 2272 et
545 2208 701 2292 uirginem
726 2211 867 2272 sanatam
892 2207 1030 2272 destinat
1059 2207 1227 2271 eeclesiam
1255 2206 1336 2270 adsi-

191 2333 287 2396 gnare
316 2314 452 2392 Ghrist0‚
477 2317 587 2398 utique
620 2317 657 2379 ut
685 2333 833 2398 sponsam
863 2333 990 2397 sponso,
1014 2333 1075 2379 non
1099 2316 1208 2397 potest
1229 2313 1335 2398 imago

192 2421 342 2506 coniungi
373 2422 501 2487 inimico
535 2421 680 2486 ueritatis
713 2423 759 2486 rei
790 2421 903 2504 ipsius.
938 2421 964 2485 si
993 2423 1026 2485 et
1050 2420 1336 2503 pseudoapostolos

191 2526 271 2591 dioit
301 2529 459 2609 operarios
494 2529 622 2594 dolosos
655 2529 930 2611 transfiguratores
968 2527 1028 2604 sui,
1065 2546 1121 2609 per
1156 2525 1335 2609 hypocrisin

144 2649 172 2688 ιο
191 2633 323 2713 seilicet,
360 2635 621 2712 conuersationis,
658 2653 719 2697 non
755 2634 1002 2715 praedicationis
1039 2633 1234 2697 adulteratae
1266 2651 1336 2695 reos

188 2743 285 2805 taxat.
317 2740 395 2804 adeo
428 2740 466 2803 de
495 2739 673 2820 disciplina,
706 2758 766 2803 non
796 2739 835 2803 de
864 2739 1031 2803 diuinitate
1055 2737 1276 2802 dissidebatur.
1309 2739 1336 2802 si

190 2850 355 2911 satanas
379 2846 712 2930 transfiguratur
733 2846 771 2909 in
797 2847 985 2930 angelum
1005 2845 1125 2922 lueis,
1149 2862 1209 2907 non
1229 2846 1338 2926 potest

188 2953 248 3017 hoo
272 2954 366 3038 dirigi
388 2953 420 3018 in
444 2956 626 3018 creatorem.
661 2951 739 3016 deus
768 2953 862 3029 enim,
895 2971 956 3016 non
984 2951 1128 3035 angelus,
1161 2953 1283 3014 creator
1304 2951 1334 3014 in

189 3060 282 3125 deum
306 3061 399 3126 lueis.
428 3080 489 3125 non
512 3059 544 3123 in
569 3058 729 3143 angelum,
752 3058 977 3142 transfigurare
1001 3076 1035 3122 se
1058 3057 1164 3121 dictus
1189 3058 1284 3132 esset
1309 3056 1337 3119 si

141 3183 169 3224 ss
187 3187 248 3232 non
269 3187 341 3232 enm
361 3171 504 3232 satanam
523 3165 726 3250 significaret,
747 3186 843 3248 quem
861 3168 894 3230 et
912 3185 970 3230 nos
986 3167 1018 3229 et
1031 3163 1173 3228 Maroion
1187 3163 1335 3247 angelum

279 3429 305 3496 1]
327 3425 577 3492 6111100668.
633 3426 715 3494 3-5]
737 3424 941 3488 calmont,
964 3426 1005 3478 10.
1057 3422 1336 3494 1211100r.5‚17.

189 3515 486 3572 cl.Es.43.18-19.
539 3513 810 3584 14]el.IlCor.7‚
833 3516 856 3567 1.
913 3512 1058 3570 uidcor.
1080 3513 1184 3578 15‚5o.
1238 3512 1281 3581 16]
1302 3511 1335 3564 cf.

187 3605 215 3658 ll
233 3605 293 3660 Coro
315 3607 356 3668 11,
375 3605 401 3658 2.
459 3605 502 3674 18]
524 3604 557 3658 ef.
577 3603 604 3657 ll
625 3603 685 3658 Cor.
707 3604 748 3671 11,
771 3603 810 3657 13.
867 3601 1103 3671 22]11*00r.11‚
1124 3603 1165 3654 14.

222 3765 239 3818 3
258 3765 376 3818 libenter
394 3781 445 3818 om.
463 3763 502 3818 111
540 3766 557 3818 6
577 3763 685 3818 domino
704 3763 818 3830 scripsi:
835 3760 886 3814 deo
904 3761 967 3816 MR
1004 3762 1020 3814 8
1040 3761 1206 3830 corporalem
1224 3760 1337 3829 sco-ipsi:

186 3853 377 3923 temporalium
395 3852 478 3916 MR²‚
499 3868 640 3920 corporum
659 3850 793 3919 R³uulpo
887 3850 919 3904 10
938 3850 1046 3919 iniquos
1064 3849 1103 3903 M
1190 3849 1221 3902 11
1242 3847 1336 3918 perid

188 3942 299 4010 punitur
317 3941 352 4002 11,
372 3941 454 4009 periit
472 3939 584 4009 punitur
601 3938 636 4001 F,
657 3937 747 4008 perdit
767 3940 847 4008 punit
864 3937 901 3991 M
964 3938 996 3990 15
1015 3935 1199 3991 substantium
1218 3935 1336 3990 «1111-

185 4031 295 4099 gm'ano
314 4030 428 4098 (probat
447 4029 520 4098 Eup)
589 4028 722 4082 lausonam
741 4028 869 4096 signam:
886 4043 940 4080 non
960 4025 1141 4079 substantiam
1158 4027 1270 4093 (negat,
1289 4024 1334 4077 sed

186 4134 269 4188 opera
282 4117 472 4183 substantiae>
484 4115 667 4184 supplendum
680 4121 751 4183 puto
772 4117 819 4183 (cs.
837 4118 904 4183 608,
920 4117 1025 4182 26846.
1040 4119 1065 4166 el
1082 4116 1209 4180 623,16)
1247 4112 1281 4169 16
1294 4128 1336 4166 re-

187 4219 270 4275 gnam
283 4205 320 4274 R,
339 4222 423 4275 regno
437 4205 502 4259 MF
546 4205 607 4267 dei,
623 4204 646 4258 si
660 4204 745 4273 mulge
785 4204 817 4257 18
836 4203 1078 4272 pseudoapostolos
1092 4200 1163 4266 ΜΡ,
1183 4200 1336 4271 pseudapo-

187 4295 273 4348 stolos
292 4294 412 4362 Ruulpo
485 4295 519 4346 22
539 4297 647 4347 satanae
666 4293 875 4361 transfiguratur
893 4292 936 4354 M,
954 4291 1164 4361 transfiguratur
1181 4293 1290 4344 satanae
1309 4290 1337 4345 11
