3250 4959
379 396 439 453 Vll.
459 396 629 451 Aduersus
648 398 849 453 Marcionem
867 400 914 455 lib.
936 398 1092 454 1119-11.
1243 404 1309 465 393

158 594 330 673 potestatis
360 592 532 657 ostendunt
559 593 652 657 deum
680 613 740 658 non
770 595 896 679 eguisse
924 598 980 658 aut
1007 595 1105 659 falsae
1134 594 1307 659 autetiam

159 718 255 763 33133
279 699 380 763 331313
404 704 577 783 paraturae.
601 704 739 763 ceterum
760 701 787 763 si
807 700 847 763 ad
866 704 987 765 3311313
1010 706 1203 783 spectamus,
1222 702 1310 766 33113

160 806 342 869 substantia
365 805 458 889 digna
478 810 537 885 est,
557 825 652 889 quam
675 806 754 870 deus
773 806 894 871 induat.
919 808 1141 890 quodcumque
1159 807 1309 881 induerit,

159 912 230 992 ipse
255 910 386 993 dignum
410 912 497 987 iacit,
521 913 640 995 absque
662 912 826 978 mendacio
850 919 966 978 131333.
991 920 1023 979 31
1044 914 1115 978 ideo
1141 915 1232 995 quale
1251 919 1309 993 est,

114 1032 129 1071 ⁶
160 1021 200 1080 ut
233 1016 369 1081 dedecus
406 1017 594 1083 existimarit
630 1019 798 1083 ueritatem
835 1018 942 1100 potius
979 1038 1074 1102 quam
1110 1020 1310 1084 mendacium

161 1125 287 1187 carnis?
311 1124 420 1204 atquin
445 1124 614 1189 honorauit
635 1125 724 1189 illam
747 1125 904 1209 lingendo.
930 1130 1048 1209 quanta
1071 1127 1133 1191 1313
1157 1146 1228 1191 3313
1249 1133 1309 1205 331,

162 1231 255 1295 cuius
279 1230 467 1313 phantasma
490 1234 705 1297 necessarium
728 1233 790 1297 1311
815 1232 872 1298 deo
897 1234 1065 1315 superiori!

210 1339 262 1400 ll.
285 1336 382 1401 Totas
404 1338 484 1403 13133
507 1339 696 1423 praestigias
714 1340 879 1422 putatinae
897 1340 930 1403 in
950 1338 1077 1405 Christo
1096 1340 1310 1423 corpulentiae

161 1443 302 1507 Marcion
326 1444 382 1507 illa
405 1444 579 1509 intentione
604 1446 756 1528 suscepit,
785 1464 824 1509 ne
848 1466 883 1510 ex
906 1446 1089 1511 testimonio
1113 1446 1310 1511 substantiae

115 1568 141 1604 ιο
162 1551 320 1614 humanae
344 1550 495 1615 natiuitas
515 1570 641 1635 quoque
660 1552 728 1617 eius
747 1552 968 1617 defenderetur
986 1557 1080 1636 alque
1098 1553 1145 1617 ita
1163 1552 1310 1618 Christus

163 1656 315 1722 creatoris
347 1657 569 1736 uindicaretur,
603 1662 640 1723 ut
671 1660 726 1741 qui
752 1660 916 1724 nascibilis
945 1680 981 1725 33
1007 1679 1064 1743 per
1091 1660 1151 1724 boc
1178 1678 1310 1723 carneus

163 1763 411 1830 adnuntiarctur.
437 1766 627 1830 stultissime
651 1767 758 1832 ethic
780 1768 949 1832 Ponticus:
976 1768 1068 1849 quasi
1096 1786 1157 1832 non
1183 1766 1311 1830 13311133

163 1869 345 1934 crederetur
371 1871 402 1935 in
431 1870 489 1936 deo
518 1892 589 1937 caro
614 1892 673 1937 non
698 1878 771 1938 nata
794 1892 889 1955 quam
916 1875 1008 1953 13133,
1035 1873 1311 1955 praestruentibus

163 1976 218 2039 uel
246 1978 379 2041 maxime
407 1978 501 2042 fidem
530 1978 624 2041 131331
649 1980 771 2063 angelis
795 1981 944 2044 creatoris
967 1980 999 2043 in
1024 1998 1116 2043 33133
1138 1998 1215 2044 3313
1238 1997 1311 2043 con·

115 2084 301 2148 1133133113
329 2102 386 2149 333
413 2090 518 2149 133133
543 2090 627 2150 nata.
662 2106 734 2149 nam
763 2090 795 2149 et
818 2085 1006 2150 Philumene
1031 2086 1089 2150 illa
1111 2085 1215 2170 magis
1243 2104 1310 2168 per-

164 2190 269 2254 suasit
282 2190 408 2273 Appelli
426 2192 604 2275 ceterisque
624 2192 839 2257 desertoribus
857 2192 1029 2257 Marcionis
1048 2212 1085 2257 ex
1102 2192 1163 2258 fide
1182 2191 1311 2274 quidem

164 2295 325 2360 Christum
342 2297 577 2364 circumtulisse
591 2318 726 2377 3313313,
741 2300 862 2364 3311133
875 2305 981 2363 133133
996 2298 1185 2373 natiuitatis,
1201 2303 1311 2381 utpote

165 2402 204 2465 de
231 2402 395 2468 elementis
424 2423 493 2469 eam
520 2410 714 2471 mutuatum.
748 2407 862 2490 quodsi
894 2408 1064 2471 uerebatur
1089 2405 1240 2482 Marcion,
1273 2424 1311 2469 33

163 2508 243 2573 fides
267 2511 369 2575 carnis
393 2513 569 2577 natiuitatis
595 2534 721 2596 quoque
740 2513 835 2577 fidem
853 2513 1028 2590 induceret,
1053 2514 1121 2578 sine
1141 2514 1236 2578 dubio
1256 2514 1312 2595 qui

116 2634 145 2672 2⁰
163 2615 259 2681 homo
285 2617 452 2683 uidebatur
474 2626 568 2685 natus
592 2622 703 2703 utique
723 2621 917 2685 credebatur.
943 2641 1015 2685 3313
1034 2623 1066 2685 31
1085 2622 1199 2685 3131131
1216 2640 1312 2704 quae·

164 2722 236 2786 darn
272 2726 514 2791 exclamauerat:
549 2728 683 2791 beatus
722 2733 863 2806 333131,
895 2729 960 2809 qui
991 2733 1027 2792 te
1060 2728 1242 2811 portauit,
1276 2733 1313 2790 et

164 2829 290 2905 311313,
323 2850 416 2912 quae
449 2832 625 2899 hausisti.
659 2840 690 2898 31
718 2836 875 2917 quomodo
903 2839 1005 2899 133131
1037 2841 1070 2899 31
1096 2836 1208 2899 1131133
1241 2834 1311 2897 3133

164 2935 243 2998 dicti
271 2941 346 3000 suut
372 2937 449 3003 foris
477 2943 700 3017 31313133113,
730 2960 801 3005 cum
832 2948 864 3005 31
891 2943 958 3024 ipse
987 2960 1020 3004 se
1048 2940 1149 3005 filium
1173 2940 1311 3004 hominis

162 3041 370 3123 praedicaret,
399 3048 509 3109 natum
537 3047 661 3111 scilicet
688 3049 903 3130 profitebatur.
929 3052 961 3111 et
983 3048 1165 3111 uidebimus
1196 3046 1234 3109 de
1261 3046 1311 3109 his

118 3148 315 3229 3333113113
348 3169 406 3216 suo
439 3151 471 3216 in
502 3156 776 3236 1331331313333,
801 3158 838 3218 ut
861 3154 939 3217 11333
962 3154 1067 3217 313313
1091 3153 1129 3216 ad
1154 3152 1312 3236 euangelii

165 3253 344 3319 distulerim
370 3258 641 3338 examinationem,
666 3264 769 3325 tamen
796 3260 880 3343 quod
905 3278 999 3341 supra
1026 3259 1139 3326 statui:
1170 3259 1198 3322 si
1227 3258 1312 3323 omni

165 3361 260 3424 modo
289 3370 383 3427 natus
411 3366 495 3429 credi
523 3366 660 3431 habebat
683 3368 738 3447 qui
761 3368 855 3431 bomo
884 3366 1063 3443 uidebatur,
1092 3384 1171 3428 uane
1199 3365 1312 3428 natiui-

165 3467 358 3534 1311311331
388 3473 519 3536 33331113
548 3473 750 3556 imaginariae
779 3475 880 3537 carnis
909 3472 1146 3557 expugnandam
1174 3471 1311 3554 putauit.

256 3645 301 3715 21]
320 3646 383 3701 Luc.
406 3648 509 3709 11,27.
565 3650 610 3716 221
632 3649 665 3703 31.
684 3651 748 3703 Luc.
768 3650 793 3713 8,
812 3651 855 3703 20.

203 3754 219 3805 2
239 3757 380 3821 paraturae
400 3754 468 3817 er',
488 3762 615 3825 paratura
633 3756 661 3810 R
679 3760 762 3825 arrigo
826 3758 858 3810 13
876 3758 904 3809 in
925 3757 975 3810 deo
996 3774 1055 3811 earo
1074 3756 1186 3823 scripsi:
1205 3771 1264 3807 caro
1285 3754 1313 3806 13

167 3840 294 3895 11331111
332 3844 365 3895 15
380 3845 467 3912 magis
482 3844 518 3910 cf.
531 3862 617 3912 sripra
633 3846 738 3898 facilius
777 3846 809 3898 16
830 3845 930 3914 appelli
949 3846 1017 3905 MF,
1037 3844 1128 3913 Apelli
1143 3844 1170 3896 11
1207 3842 1312 3895 18133-

166 3932 273 3981 tuaturn
292 3928 329 3992 R,
349 3934 500 3985 mutuatam
521 3933 585 3986 ΜΡ
649 3934 684 3986 24
702 3934 788 3986 uerba
808 3940 836 3986 31
854 3934 1174 3999 uidebimus-ternpore.
1194 3946 1264 3997 puae
1282 3931 1311 3981 in

168 4018 231 4071 libr.
249 4034 311 4072 msa.
325 4020 416 4087 paulo
434 4036 521 4088 cupra
540 4028 605 4089 post
627 4023 692 4075 ioris
712 4032 784 4076 stare
809 4025 944 4091 leguntur,
969 4023 1021 4075 buc
1044 4021 1178 4074 transtuli
1232 4022 1313 4071 25111

166 4112 289 4175 tempore
303 4106 374 4169 ΜΓ,
393 4112 513 4177 ternpore
529 4111 647 4180 liutrigo
702 4114 736 4165 26
755 4118 847 4164 tamen
867 4110 939 4180 quod
958 4127 1039 4179 supra
1053 4108 1208 4163 3131313111.
1223 4115 1312 4168 teneo,

168 4196 242 4263 quod
259 4196 349 4249 nascio
370 4214 408 4249 un
422 4214 476 4265 pra
495 4204 585 4252 tamen
601 4201 636 4253 311
654 4200 855 4254 rescribendum
910 4200 944 4251 21
960 4197 1164 4267 expugnandam
1179 4196 1313 4262 Mrr1af.

170 4288 236 4345 394,
257 4288 315 4351 27),
335 4287 538 4355 expungendam
558 4288 690 4357 1111111133
