3250 4959
432 459 493 516 Vll.
511 459 678 515 Aduersus
696 457 897 516 Meroionom
914 456 962 514 lib.
982 456 1140 524 Hos-21.
1293 457 1359 533 649

206 661 327 742 ipsum,
346 656 473 723 soilioet
489 674 546 740 per
562 653 740 738 ¹Christum,
757 674 793 722 ex
807 653 878 724 loo.
893 659 1002 739 ‘erge’
1016 653 1135 738 bruis,
1148 655 1216 726 ‘heo
1229 654 1361 730 distino-

207 765 294 834 tione
312 765 362 830 lor
380 783 443 830 non
454 763 569 829 exim
590 765 657 830 erut
673 761 814 830 Christi'
837 761 999 834 subtiliter
1017 762 1108 832 rotis
1125 762 1234 845 eooipe
1248 761 1361 846 iusque

206 871 372 938 subtilius.
406 889 479 936 oum
504 869 588 935 onim
609 867 706 936 erue:
739 888 809 936 non
844 885 938 951 quae
967 887 1011 940 ex
1040 868 1138 953 lero,
1166 869 1240 940 sed
1265 887 1362 953 queo

207 977 429 1062 peripsum,
453 995 515 1042 non
540 974 673 1041 dixisset
695 979 761 1058 ‘per
783 974 902 1058 ipsum‘
922 974 960 1040 (le
980 973 1054 1054 alio,
1074 993 1169 1058 qnam
1189 975 1281 1052 ouius
1296 975 1362 1052 ¹linit

175 1110 190 1149 s
206 1087 267 1153 lex.
321 1083 472 1163 Noster,
483 1081 866 1166 inquit,munioipatus
880 1081 918 1146 in
932 1082 1361 1168 coelisagnosoonotorem

209 1193 248 1258 eil
262 1191 421 1258 Abraham
435 1187 680 1276 promissionem
700 1189 868 1256 oresiesis:
888 1192 927 1255 ot
947 1189 1083 1255 iscium
1107 1209 1233 1256 semen
1254 1193 1361 1264 tuum

206 1291 561 1380 tamquam'stsuas
580 1296 618 1360 in
638 1294 755 1361 eaelo.
774 1294 848 1360 ideo
869 1297 903 1361 ot
920 1294 1036 1360 stello
1050 1313 1073 1358 e
1090 1295 1208 1362 stelle
1226 1295 1363 1362 ‹liifert

206 1405 244 1478 in
268 1404 399 1492 glorie
425 1403 545 1498 quodsi
567 1401 716 1474 Christus
740 1401 914 1479 adueniens
937 1400 977 1467 (le
999 1401 1098 1474 melle
1120 1400 1363 1490 transfigurabit

207 1529 321 1596 oorpns
353 1511 550 1577 humilitatis
582 1513 709 1577 nostrae
742 1509 934 1586 conformale
965 1509 1091 1596 corpori
1120 1509 1243 1595 gloriae
1268 1530 1361 1588 suae,

161 1641 189 1681 ro
207 1622 355 1704 resurget
377 1637 452 1704 ergo
477 1635 593 1701 eorpus
616 1617 678 1682 hoe
699 1619 856 1696 nostrum,
880 1615 966 1698 quod
984 1614 1172 1681 humiliatur
1188 1616 1221 1680 in
1240 1617 1361 1700 passio-

207 1726 312 1806 nibus,
337 1728 370 1792 et
400 1725 433 1791 in
464 1725 536 1808 ipse
562 1724 635 1810 lege
658 1723 771 1790 mortis
793 1722 827 1788 in
855 1723 972 1789 terrem
1000 1721 1169 1789 deiectum.
1202 1723 1361 1806 quomodo

208 1833 291 1899 enim
318 1830 609 1918 transfigurabitur,
638 1831 666 1895 si
689 1831 814 1896 nullum
839 1829 921 1896 erit?
953 1832 1008 1894 aut
1033 1829 1061 1896 si
1085 1830 1124 1895 de
1152 1829 1198 1895 eis
1227 1830 1360 1911 dietum,

208 1940 263 2023 qni
285 1941 318 2006 in
338 1939 477 2005 aduentu
497 1937 618 2004 domini
637 1937 826 2020 deprehensi
843 1938 875 2002 in
895 1955 987 2003 osrno
1007 1937 1171 2003 demutare
1188 1936 1361 2016 habebunt,

208 2046 284 2130 quid
301 2046 420 2112 ferient
439 2045 505 2128 ‘qui
524 2044 620 2129 primi
638 2047 838 2130 resurgent’?
856 2062 919 2110 non
939 2043 1102 2110 habebunt
1121 2043 1159 2109 rie
1178 2064 1240 2127 quo
1259 2048 1361 2111 trans-

161 2173 189 2213 ιι
208 2152 406 2238 figurentur?
422 2152 532 2236 atquin
547 2169 629 2217 eum
648 2150 742 2231 illis,
759 2149 848 2232 dioit,
863 2150 979 2217 simul
993 2149 1183 2234 rapiemur
1200 2151 1237 2217 in
1256 2151 1360 2217 nubi·

206 2259 278 2325 bus
302 2260 453 2325 obuiam
478 2258 636 2326 domino.
664 2256 693 2322 si
717 2257 879 2324 cumillis
905 2256 1037 2337 sublati,
1060 2256 1173 2338 ntique
1197 2274 1271 2322 oum
1293 2258 1360 2324 illis

207 2372 240 2432 et
262 2365 489 2452 transfigurati.

252 2475 305 2538 21.
339 2473 407 2540 Soli
438 2472 513 2539 huie
542 2472 697 2558 epistolae
725 2471 868 2537 breuiter
896 2490 955 2537 sus
976 2471 1107 2555 profuit,
1140 2475 1177 2537 ut
1212 2471 1357 2538 falsamne
1368 2479 1493 2542 AdPti-

206 2598 321 2645 monus
356 2579 528 2646 Marcionis
576 2579 733 2645 euaderet.
779 2579 877 2644 miror
916 2583 1036 2657 tamen,
1073 2597 1147 2645 oum
1180 2578 1220 2644 ed
1259 2551 1496 2645 unumkm’l

161 2684 371 2750 ¹oh0mi11em
402 2685 526 2752 litteras
558 2684 660 2764 laetas
692 2685 858 2769 receperit,
882 2683 968 2769 quod
991 2684 1030 2749 ari
1052 2684 1256 2750 Timotheum
1279 2685 1360 2752 dues

209 2796 241 2858 et
272 2812 367 2858 unam
400 2790 572 2859 silitum
604 2792 642 2858 rie
676 2791 895 2858 eeclesiastico
928 2794 1017 2857 stetu
1045 2791 1239 2874 compositos
1272 2812 1359 2858 reeu-

208 2899 337 2968 ssuerit.
367 2899 551 2978 adfectauit,
577 2898 697 2981 opinor,
722 2897 819 2963 etiem
841 2917 1008 2964 numerum
1032 2896 1241 2979 epistolarum
1262 2899 1358 2964 inter

207 3006 326 3090 polare.

251 3113 425 3190 Memento,
448 3111 620 3196 inspector,
644 3110 729 3194 quod
753 3129 800 3190 oa,
827 3129 907 3192 quae
931 3112 1144 3195 praetractatu
1166 3113 1241 3176 sunt
1262 3113 1358 3188 retro,

160 3241 189 3282 rs
209 3219 246 3284 de
267 3221 412 3302 apostolo
433 3237 559 3301 quoque
578 3217 831 3302 probauerimus,
851 3220 885 3281 et
902 3217 930 3281 si
949 3235 1013 3299 qun
1029 3216 1062 3280 in
1081 3216 1141 3281 hoo
1161 3235 1241 3300 opus
1261 3216 1359 3281 dilata

208 3329 297 3392 erent
319 3325 573 3408 expunxerimus,
597 3343 636 3389 ne
660 3329 717 3390 aut
739 3324 792 3390 hie
820 3342 1051 3408 superuacuam
1075 3323 1237 3390 existimes
1264 3324 1356 3388 itera.

296 3535 325 3602 3]
345 3532 418 3587 Phil.
438 3533 463 3600 3,
483 3532 668 3594 tiseoundum
687 3535 872 3588 recensionem
889 3532 1036 3588 Marcionis
1132 3531 1158 3602 5]
1178 3529 1250 3586 Phil.
1269 3532 1295 3595 8,
1314 3531 1357 3588 20.

207 3625 233 3692 6]
254 3623 322 3677 Gen.
343 3623 386 3690 22,
408 3622 449 3676 17.
528 3624 554 3693 7]
573 3622 587 3677 Ι
606 3621 668 3678 Cor.
689 3624 732 3690 15,
750 3623 794 3677 41.
871 3622 899 3694 8]
919 3622 952 3678 of.
972 3622 1044 3678 Phil.
1065 3625 1090 3691 3,
1109 3622 1153 3679 21.
1228 3623 1271 3691 12]
1291 3622 1358 3677 eil

206 3710 269 3768 Cor.
290 3713 332 3779 15,
353 3710 470 3768 51-53.
526 3711 570 3782 14]
591 3711 624 3767 ef.
643 3711 657 3766 1
676 3711 770 3770 Thess.
790 3712 815 3780 4,
838 3711 879 3767 16.
935 3713 978 3782 15]
997 3712 1011 3767 1
1029 3713 1124 3768 ihesu.
1142 3715 1168 3775 4,
1190 3713 1231 3767 17.

245 3836 259 3889 l
279 3851 327 3905 per
346 3835 485 3892 Christum
504 3835 546 3900 M,
566 3834 703 3891 Christum
722 3834 843 3906 Rmolpo
934 3837 950 3891 7
970 3842 999 3891 et
1016 3836 1098 3891 stelle
1115 3835 1199 3901 MR',
1218 3836 1300 3892 stelle
1318 3835 1358 3894 12²

205 3925 224 3980 8
252 3923 458 3994 transfigurabit
484 3925 532 3988 3³,
560 3925 768 3994 transfigurnuit
793 3924 866 3982 1111ι
978 3925 1012 3979 12
1038 3925 1276 3994 transligerenerit
1301 3924 1358 3995 Rip

208 4015 242 4068 13
272 4013 375 4068 domini
401 4014 513 4083 serpsi:
540 4014 584 4068 dei
611 4013 674 4070 MR
774 4013 908 4069 demutari
934 4014 1008 4069 Lat:
1034 4012 1162 4082 deputari
1187 4013 1359 4082 MRrelt'pui

209 4104 241 4158 15
261 4103 498 4174 transfigurentur.
518 4105 613 4175 atquin
631 4105 716 4174 uulpo
785 4103 819 4158 18
836 4104 887 4159 AD
907 4102 1168 4159 PHILIPPENsus
1186 4101 1356 4158 EXPLICIT

206 4191 242 4245 Μ
259 4192 301 4261 (in
318 4209 369 4262 mp.
390 4190 456 4248 ado.
475 4210 510 4250 m.
528 4198 557 4248 1:
576 4193 611 4248 ad
630 4193 835 4264 philemonem),
855 4192 889 4248 de
909 4193 1026 4264 epistole
1044 4190 1080 4246 od
1097 4191 1283 4246 Philemonem
1303 4191 1361 4247 BF

203 4281 242 4336 20
259 4281 397 4338 hominem
422 4287 448 4352 (e
467 4300 501 4339 eor
523 4299 541 4338 u
564 4300 598 4340 m.
622 4285 648 4352 1)
670 4282 708 4336 M
776 4282 959 4337 thimotheum
976 4282 1011 4336 M
1070 4281 1106 4335 24
1130 4297 1164 4336 eu
1186 4297 1256 4352 quse
1273 4279 1355 4341 MR‘.

202 4387 292 4441 aeque
311 4369 352 4428 121

1250 4477 1282 4531 4]
1288 4475 1321 4508 ss
