3250 4959
307 429 371 492 590
530 423 646 490 Quinti
667 424 807 493 Septimi
826 422 997 478 Florentia
1015 424 1219 478 Tertulliani

307 621 390 686 enim
419 625 451 685 et
478 620 653 685 secundum
681 623 825 684 nostnrm
854 619 1054 704 euangelium
1083 619 1229 685 diabolus
1263 639 1390 704 quoque
1418 621 1449 686 iu

305 728 514 810 temptatione
547 727 706 811 cognouit,
740 730 773 791 et
805 726 979 791 secundum
1013 745 1179 792 commune
1206 727 1451 792 instrumentum

307 835 438 917 spiritus
470 854 606 917 nequam
640 833 762 898 sciebat
798 852 871 898 eum
909 837 1055 898 sanctum
1094 834 1144 897 dei
1176 852 1247 898 esse
1283 842 1316 899 et
1346 835 1451 900 Iesum

305 942 412 1007 uocari
435 945 467 1006 et
490 941 522 1004 in
546 940 755 1024 perditionem
780 959 888 1004 eorum
914 941 1050 1006 uenisse.
1075 942 1170 1006 etiarn
1190 941 1341 1024 parabola
1362 941 1452 1005 fortis

304 1049 393 1113 illius
417 1047 540 1124 armati,
565 1065 659 1128 quern
683 1045 765 1110 allus
788 1046 926 1110 ualidior
949 1047 1108 1130 oppressit
1125 1050 1157 1110 et
1175 1065 1253 1111 uasa
1271 1048 1342 1111 eius
1361 1065 1451 1112 occu·
1478 1071 1489 1110 s

305 1153 405 1236 pauit,
417 1172 500 1232 aas,
512 1153 580 1216 siin
593 1153 743 1217 creatoris
755 1152 909 1234 accipitur
918 1153 1002 1236 apud
1011 1153 1215 1229 Marcionem,
1225 1153 1289 1217 iarn
1299 1171 1358 1216 nec
1366 1152 1452 1238 igno·

305 1279 392 1324 rasse
411 1259 495 1324 ultra
518 1261 623 1343 potnit
647 1263 767 1324 creator
791 1259 954 1324 dominum
978 1259 1108 1344 gloriae,
1132 1259 1208 1323 dum
1232 1260 1270 1323 ab
1294 1278 1332 1324 eo
1352 1260 1452 1342 oppri-

306 1366 414 1444 mitur,
430 1366 533 1430 necin
549 1383 641 1430 cruce
657 1383 729 1428 eum
744 1365 851 1448 ligere,
862 1365 1016 1430 aduersus
1031 1385 1125 1447 quern
1140 1365 1245 1430 ualere
1258 1385 1321 1430 non
1337 1367 1451 1449 potuit,

307 1477 339 1538 et
353 1476 508 1555 superest,
523 1476 560 1536 ut
573 1508 617 1517 —
632 1471 806 1536 secundum
823 1472 1017 1555 nequidem
1032 1472 1183 1538 credibile
1198 1473 1242 1536 sit
1259 1509 1295 1519 -
1314 1473 1451 1538 scientes

307 1579 443 1645 uirtutes
477 1581 510 1643 et
540 1581 716 1662 potestates
751 1579 901 1644 creatoris
934 1579 1097 1643 dominum
1131 1580 1259 1662 gloriae,
1288 1578 1491 1644 Christano

306 1704 409 1768 suum,
437 1683 658 1761 crucifixerint,
686 1705 748 1767 qua
777 1685 995 1768 desperatione
1023 1689 1055 1750 et
1082 1685 1222 1750 malitiae
1245 1685 1452 1750 redundantia

306 1793 390 1858 serui
414 1811 539 1875 quoque
564 1791 786 1856 scelestissimi
810 1791 955 1857 dominos
980 1810 1055 1856 suos
1079 1792 1254 1856 interficere
1277 1811 1340 1856 nou
1364 1793 1451 1857 dubi-

304 1901 388 1976 tant;
409 1899 564 1981 scriptum
589 1902 639 1963 est
662 1898 742 1962 enirn
769 1899 853 1982 apud
877 1917 928 1963 me
951 1903 1094 1962 satanam
1111 1898 1143 1962 in
1162 1898 1275 1963 Iudam
1293 1899 1453 1965 introisse.

303 2005 477 2070 secundum
504 2009 611 2068 autern
640 2005 833 2068 Marcionem
861 2023 918 2068 nec
948 2005 1111 2086 apostolus
1141 2005 1200 2069 hoc
1227 2005 1298 2069 loco
1331 2005 1452 2089 patitur

303 2112 513 2196 ignorantiam
537 2111 674 2176 adscribi
697 2111 873 2176 uirtutibus
897 2112 1046 2176 creatoris
1069 2112 1101 2175 in
1128 2111 1248 2194 gloriae
1276 2111 1450 2188 dominum,
1467 2137 1491 2176 rs

306 2220 380 2301 quia
398 2219 522 2283 scilicet
540 2236 600 2281 non
619 2218 692 2282 illas
710 2219 783 2282 uult
800 2218 946 2301 intellegi
964 2218 1122 2301 principes
1142 2218 1238 2282 buius
1257 2219 1339 2285 aeui.
1364 2219 1448 2302 quod

307 2327 333 2390 si
367 2343 427 2389 non
460 2324 589 2389 uidetur
620 2324 658 2388 de
692 2324 890 2406 spiritalibus
923 2323 1039 2388 dixisse
1066 2324 1272 2407 principibus,
1304 2343 1381 2408 ergo
1411 2325 1449 2388 de

306 2430 522 2497 saecularibus
547 2429 633 2511 dixit,
658 2430 696 2494 de
718 2431 837 2512 populo
860 2431 1038 2513 principali,
1062 2431 1173 2513 utique
1192 2451 1252 2496 non
1271 2431 1355 2495 inter
1371 2431 1447 2496 nati·

306 2557 391 2617 ones,
424 2537 462 2601 de
494 2537 573 2620 ipsis
607 2537 811 2602 archontibus
841 2539 921 2617 eius,
953 2537 991 2601 de
1019 2557 1092 2622 rege
1118 2537 1255 2614 Herode,
1288 2537 1385 2602 etiam
1413 2537 1449 2601 de

306 2645 421 2721 Pilato,
446 2647 478 2708 et
501 2663 563 2727 quo
587 2644 687 2708 maior
709 2645 907 2726 principatus
931 2643 1027 2708 huius
1051 2645 1133 2723 aeui,
1150 2645 1293 2709 Romana
1311 2645 1449 2728 dignitas
1463 2669 1489 2707 eo

305 2750 514 2834 praesidebat.
543 2751 588 2814 ita
612 2754 739 2815 etcum
764 2750 971 2814 destruuntur
993 2751 1283 2835 argumentationes
1308 2749 1450 2814 diuersae

305 2858 414 2940 partis,
434 2861 559 2922 nostrae
580 2856 791 2938 expositiones
811 2856 1026 2922 aedificantur.
1050 2857 1106 2920 sed
1125 2857 1176 2922 uis
1195 2856 1299 2920 adbuc
1318 2857 1449 2938 gloriam

306 2966 445 3027 nostram
470 2961 520 3026 dei
543 2963 591 3027 tui
616 2981 685 3026 esse
710 2965 742 3026 et
765 2961 849 3044 apud
873 2981 945 3026 eum
969 2962 1001 3026 in
1025 2963 1151 3026 oocrrlto
1170 2962 1280 3028 fuisse.
1304 2967 1338 3026 et
1354 2981 1450 3046 quaro

306 3068 409 3133 adbuc
434 3069 543 3134 eodem
568 3071 600 3133 et
623 3068 701 3132 deus
725 3068 937 3133 instrumento
961 3072 993 3132 et
1021 3070 1186 3151 apostolus
1213 3069 1346 3134 nititur?
1373 3067 1449 3152 quid

306 3176 354 3239 illi
374 3195 445 3240 curn
465 3175 632 3240 sententiis
651 3175 878 3257 prophetarum
894 3174 1036 3256 ubique?
1057 3175 1140 3257 quis
1166 3175 1249 3240 enirn
1268 3177 1448 3260 cognouit
1463 3201 1491 3242 rs

395 3384 423 3452 3]
444 3384 476 3437 cl.
496 3384 561 3439 Luc.
580 3385 606 3451 4,
626 3383 668 3436 34.
732 3384 760 3452 4]
782 3383 816 3436 cl.
835 3383 900 3436 Luc.
922 3383 963 3446 ll,
982 3383 1097 3438 21-22.
1164 3383 1206 3453 13]
1226 3385 1260 3438 cl.
1278 3382 1342 3438 Luc.
1361 3385 1405 3450 22,
1422 3385 1448 3438 3.

305 3474 350 3542 25]
369 3471 416 3526 Es.
435 3473 478 3535 40,
498 3472 540 3526 13.
561 3473 594 3526 cl.
614 3471 627 3524 1
647 3471 707 3526 Cur.
726 3473 809 3538 2,1o.

344 3598 355 3650 1
378 3597 448 3651 enirn
467 3598 578 3664 scripsi:
599 3601 688 3650 autern
708 3595 770 3650 MR
845 3598 864 3650 4
883 3613 975 3650 corum
992 3597 1051 3650 scil.
1071 3596 1179 3651 dioboli
1195 3603 1221 3652 et
1237 3598 1388 3665 aptarem
1402 3612 1449 3652 ne·

304 3703 395 3755 quom,
409 3687 466 3738 nisi
479 3685 561 3739 molis
579 3701 668 3754 supro
681 3685 840 3740 rescribere:
859 3684 995 3738 sciebant
1031 3688 1047 3738 5
1063 3686 1199 3754 oppressit
1210 3684 1252 3740 12³
1264 3685 1311 3753 (cf.
1327 3688 1390 3750 512,
1405 3687 1448 3750 9):

305 3775 427 3843 obrepsit
445 3773 519 3828 ΜΗι
574 3775 590 3827 6
616 3775 747 3828 lacunam
764 3775 889 3843 ripnom:
908 3775 931 3827 si
955 3773 983 3828 in
1007 3774 1109 3828 diaboli
1128 3775 1259 3843 accipitur
1276 3774 1344 3838 (scil.
1358 3791 1448 3842 para·

305 3863 418 3931 bolam),
436 3863 517 3917 testis
537 3868 579 3916 est
598 3865 704 3932 etipsa
723 3863 826 3930 cogniti
844 3862 878 3916 ab
902 3863 949 3916 illo
969 3862 1073 3916 domini
1094 3863 1141 3916 uel
1157 3863 1263 3917 mutuo
1280 3861 1451 3916 interciditur

300 3957 371 4020 puto
445 3952 573 4006 creatoris
592 3951 661 4018 MR,
682 3955 830 4005 creatorem
853 3951 906 4005 Ure
969 3950 1142 4005 ‘idominum
1160 3951 1272 4019 empti:
1290 3951 1371 4004 deurn
1387 3949 1450 4004 MR

305 4041 321 4093 9
336 4041 517 4108 parenthesin
537 4039 679 4094 indicaui:
700 4044 732 4093 ut
749 4039 896 4093 secundum
914 4056 957 4093 me
977 4039 1086 4108 quidem
1100 4039 1229 4094 credibile
1242 4039 1287 4102 eit,
1299 4041 1371 4106 <ut>
1385 4038 1451 4108 Eup

307 4130 339 4183 10
363 4129 501 4182 dominum
524 4131 634 4197 sumpsi:
658 4129 736 4182 deum
760 4129 822 4184 MR
936 4129 968 4182 ll
989 4127 1449 4192 crucifixeriutMR¹,crueiti1iaae

304 4217 344 4271 12³
354 4218 438 4287 reulyo
518 4219 734 4272 lesatensem
808 4220 841 4273 21
862 4219 1112 4288 argumentationes
1133 4217 1197 4273 Get:
1216 4217 1450 4286 argumentatione

305 4307 368 4360 MR
422 4307 457 4358 24
477 4311 504 4358 et
523 4305 589 4360 deus
608 4307 686 4372 (aad.
705 4309 736 4360 in
755 4324 804 4374 mp.
825 4325 859 4360 m.
879 4310 903 4374 1)
921 4306 959 4360 M
