3250 4959
356 375 418 430 VII.
437 373 606 430 Aduersus
624 374 822 429 Marcionem
840 373 888 430 lib.
907 375 922 430 1
940 376 1055 432 23-24.
1222 381 1286 446 323

134 570 296 636 modum
324 573 441 654 pater
463 572 615 647 uester,
648 569 716 653 qui
743 569 781 634 in
810 569 943 636 caelis
972 573 1044 636 est.
1081 571 1191 637 exhibe
1218 593 1287 655 per-

134 679 256 743 fectam
275 696 402 760 quoque
420 675 592 740 bonitatem
612 676 692 752 eius,
712 678 773 740 etsi
793 676 832 740 de
851 675 1035 759 imperfecta
1054 678 1133 742 satis
1153 681 1288 758 constat,

135 803 222 866 quae
244 803 347 866 neque
371 782 525 848 naturalis
547 783 711 847 inuenitur
733 802 836 865 neque
860 782 1032 848 rationalis.
1062 803 1146 850 nunc
1170 787 1287 852 etalio

136 891 249 956 ordine
266 890 464 955 traducetur:
483 908 541 955 nec
559 889 622 954 iam
641 890 837 970 imperfecta,
857 890 955 954 immo
974 895 1007 954 et
1024 890 1156 969 defecta,
1177 893 1290 978 exigua

101 1015 117 1074 s,
136 1001 173 1062 et
195 998 360 1071 exhaustu,
384 1017 475 1080 quae,
498 997 602 1062 minor
624 1015 754 1061 numero
777 998 983 1062 materiarum
1007 1017 1148 1076 suarum,
1172 1019 1232 1065 non
1257 1001 1288 1064 iu

137 1104 289 1169 omnibus
310 1103 483 1169 exhibetur.
507 1123 568 1168 non
588 1102 671 1168 euim
694 1123 803 1168 omnes
823 1103 906 1168 saliri
929 1103 1019 1176 fiunt,
1044 1105 1101 1169 sed
1123 1107 1289 1188 pauciores

138 1210 290 1275 omnibus
322 1213 356 1275 et
385 1210 513 1276 Iudaeis
547 1213 581 1274 et
608 1208 799 1276 Christianis
833 1210 991 1276 creatoris.
1033 1210 1179 1292 pluribus
1213 1231 1289 1277 uero

139 1317 351 1400 pereuntibus
380 1316 538 1399 quomodo
566 1316 709 1398 perfecta
735 1316 914 1380 defenditur
946 1315 1071 1382 bonitas
1103 1336 1138 1382 er
1172 1315 1289 1398 maiore

138 1427 230 1506 purte
245 1423 409 1495 cessatrix,
427 1423 539 1505 paucis
558 1422 675 1505 aliqua,
694 1421 841 1505 pluribus
861 1422 958 1498 nulla,
978 1423 1092 1488 cedens
1112 1424 1290 1506 perditioni,

92 1549 120 1588 1⁰
138 1530 294 1615 partiaria
320 1529 429 1594 exitii?
466 1529 580 1611 quodsi
603 1530 711 1611 plures
737 1529 819 1593 salui
844 1547 902 1592 non
929 1533 1030 1607 erunt,
1060 1529 1120 1594 erit
1142 1529 1205 1594 iam
1229 1551 1290 1596 non

139 1637 280 1713 bonitas,
308 1637 364 1701 sed
391 1637 515 1701 malitia
537 1635 715 1717 perfectior.
754 1635 947 1700 sicutenim
972 1635 1125 1702 bonitatis
1150 1639 1291 1719 operatio

139 1749 203 1821 est,
229 1762 311 1826 quae
330 1741 407 1807 facit
425 1744 544 1819 saluos,
567 1742 614 1805 ita
636 1741 858 1824 malignitatis,
884 1761 964 1824 quae
987 1761 1047 1806 non
1072 1743 1149 1806 facit
1172 1743 1289 1812 seliros.

140 1850 247 1934 magis
270 1853 377 1914 autem
401 1868 460 1913 non
484 1849 602 1912 faciens
627 1849 746 1922 saluos,
772 1849 847 1910 dum
872 1866 989 1930 paucos
1014 1848 1100 1926 facit,
1124 1849 1292 1930 perfectior

140 1959 205 2022 erit
221 1957 254 2021 in
273 1976 335 2021 non
357 1956 496 2020 iuuando
520 1973 615 2038 quam
634 1955 699 2038 <in>
716 1955 812 2018 iuuan
827 1956 865 2021 lo.
887 1973 947 2018 non
968 1955 1087 2038 poteris
1107 1959 1139 2018 et
1156 1955 1188 2020 in
1209 1975 1292 2020 crea-

96 2067 246 2127 retorem
278 2063 394 2126 referre
425 2061 577 2126 bonitatis
610 2062 641 2125 in
675 2080 783 2125 omues
818 2061 1038 2125 defectionem.
1080 2080 1173 2143 quem
1207 2064 1290 2128 enim

142 2169 284 2234 iudicem
320 2172 420 2246 tenes,
463 2168 725 2253 dispensatorem,
764 2168 792 2230 si
829 2167 922 2245 forte,
960 2166 1112 2232 bonitatis
1150 2168 1291 2233 ostendis

142 2276 405 2360 intellegendum,
428 2296 489 2341 non
509 2276 717 2358 profusorem,
742 2275 826 2356 quod
849 2277 905 2340 tuo
930 2273 987 2338 deo
1012 2273 1166 2339 uindices.
1190 2295 1293 2358 usque

143 2383 224 2448 adeo
250 2383 311 2448 hac
339 2385 408 2448 sola
430 2402 502 2447 eum
525 2382 664 2465 praefers
688 2383 830 2446 bonitate
854 2380 996 2446 creatori.
1021 2400 1116 2464 quam
1140 2381 1168 2446 si
1191 2383 1293 2447 solam

144 2490 313 2573 profitetur
340 2494 511 2565 ettotam,
541 2489 620 2554 nulli
649 2490 760 2554 deesse
788 2488 948 2553 debuerat.
988 2489 1044 2554 aed
1072 2488 1143 2554 nolo
1166 2488 1229 2552 ium
1255 2489 1293 2552 de

96 2619 125 2658 ue
143 2600 235 2681 parte
264 2597 381 2662 maiore
409 2598 608 2680 pereuntium
634 2595 839 2679 imperfectae
867 2595 1018 2661 bonitatis
1043 2613 1173 2678 arguere
1198 2594 1293 2658 deum

145 2705 333 2770 Marcionis:
353 2703 474 2768 sufficit
490 2704 589 2786 ipsos,
614 2723 694 2785 quos
718 2702 826 2768 saluos
846 2701 932 2779 facit,
955 2700 1159 2782 imperfectae
1178 2700 1293 2766 salutis

144 2813 296 2876 inuentos
318 2811 535 2892 imperfectam
560 2810 734 2875 bonitatem
758 2810 827 2872 eius
852 2807 1027 2884 ostendere,
1046 2806 1171 2871 scilicet
1192 2806 1296 2871 anima

146 2922 240 2982 tenus
264 2917 384 2994 saluos,
408 2936 499 2982 carue
522 2917 714 2998 deperditos,
734 2933 814 2996 quae
839 2913 922 2995 apud
946 2913 1038 2977 illum
1062 2933 1123 2976 nou
1148 2913 1293 2996 resurgit.

146 3024 231 3089 unde
249 3023 327 3087 haec
345 3022 521 3088 dimidiatio
540 3024 654 3087 salutis
673 3021 735 3086 uisi
759 3040 796 3084 ex
819 3019 995 3084 defectione
1018 3019 1193 3082 bonitatis?
1218 3019 1295 3100 quid

100 3149 129 3190 rc
148 3135 217 3196 erat
252 3130 410 3215 perfectae
447 3130 597 3195 bonitatis
631 3148 726 3211 quam
758 3131 863 3192 totum
896 3125 1055 3190 hominem
1088 3126 1230 3208 redigere
1261 3126 1293 3189 in

147 3239 299 3314 salntem,
330 3240 435 3301 totum
468 3237 652 3301 damnatum
681 3255 700 3298 a
727 3238 874 3312 creatore,
907 3235 1011 3296 totum
1040 3251 1058 3294 a
1086 3231 1144 3294 deo
1173 3233 1294 3312 optimo

148 3345 331 3409 adlectum?
357 3344 442 3425 quod
464 3344 573 3418 sciam,
598 3347 631 3407 et
653 3361 725 3407 earo
754 3341 889 3424 tingitur
916 3339 1001 3423 apud
1028 3338 1132 3415 illum,
1161 3343 1193 3401 st
1221 3357 1292 3401 earo

149 3451 188 3515 de
211 3451 333 3535 nuptiis
356 3451 491 3526 tollitur,
516 3454 549 3515 et
572 3470 642 3515 caro
665 3450 697 3513 in
722 3448 919 3513 confessione
945 3445 1080 3510 nominis
1104 3444 1294 3508 desaenitur.

150 3559 208 3624 sed
230 3562 263 3624 et
285 3560 313 3624 si
337 3559 422 3623 carni
446 3557 562 3622 delicta
584 3559 780 3639 reputantur,
804 3552 965 3636 praecedit
988 3552 1109 3615 animae
1133 3555 1238 3612 reatus
1264 3553 1296 3612 et

186 3751 204 3803 2
223 3751 290 3803 eius.
310 3751 362 3804 etsi
375 3751 460 3818 culpo
509 3749 526 3801 3
540 3747 690 3810 rationalis,
704 3763 777 3800 nunc
789 3747 873 3814 uulgro
924 3746 940 3797 5
956 3761 1024 3812 qnae
1038 3744 1069 3795 irc
1084 3743 1145 3798 tior.
1158 3757 1221 3794 usas.
1233 3747 1297 3808 post

150 3855 258 3894 suarum
274 3839 408 3892 traditum
422 3839 476 3892 fruc
489 3837 650 3906 transposui
687 3837 742 3888 'fet
755 3836 859 3903 (priua)
873 3833 965 3887 orraF
999 3834 1032 3885 14
1046 3831 1073 3884 iu
1090 3829 1190 3883 addidi
1242 3845 1297 3882 uon

150 3931 402 4000 poteris-<autem
419 3932 447 3980 et
458 3928 529 3995 sort.
586 3927 618 3978 15
634 3926 766 3979 bonitatis
783 3924 896 3991 scripsi:
914 3923 1065 3976 bonitatem
1081 3920 1142 3974 MR
1161 3917 1299 3986 (potueris

151 4025 178 4075 ct
194 4017 517 4074 reamibercrbonitatem
532 4017 559 4068 iu
579 4032 672 4068 ornnes
692 4013 887 4077 defeetiuam)
954 4012 985 4063 17
1005 4015 1052 4062 tuo
1072 4007 1122 4062 deo
1137 4007 1179 4072 M,
1199 4013 1246 4060 tuo
1259 4005 1297 4071 R,

151 4109 204 4163 deo
222 4114 270 4162 tuo
283 4108 358 4161 Pam
420 4105 588 4174 usqueadeo
606 4104 720 4156 notione
736 4101 966 4168 rariore=qnte
984 4101 1067 4152 etiam
1122 4097 1154 4150 18
1174 4095 1297 4159 creatori,

152 4215 232 4266 quarn
260 4197 346 4265 culpo
416 4196 451 4250 20
475 4194 650 4263 imperfectae
682 4191 812 4244 Ochtcrua
840 4191 882 4252 (irc
908 4189 1002 4253 scotist
1031 4185 1211 4251 inperfectum
1236 4183 1298 4236 MR

151 4286 188 4340 24
207 4287 272 4355 quid
289 4289 352 4338 erat
369 4283 439 4347 MR,
459 4281 525 4352 quid
544 4284 614 4336 enim
633 4284 690 4334 tarn
710 4280 767 4332 Lat
822 4279 854 4330 27
875 4278 957 4331 seiam
976 4276 1044 4344 Rip:
1064 4275 1087 4328 si
1106 4275 1160 4327 iam
1178 4271 1240 4326 MR

1210 4374 1261 4429 21·
