<?xml version="1.0" encoding="UTF-8"?>
<!DOCTYPE html PUBLIC "-//W3C//DTD XHTML 1.0 Transitional//EN"
    "http://www.w3.org/TR/xhtml1/DTD/xhtml1-transitional.dtd">
<html xmlns="http://www.w3.org/1999/xhtml" xml:lang="en" lang="en">
 <head>
  <title>
</title>
<meta http-equiv="Content-Type" content="text/html;charset=utf-8" />
  <meta name='ocr-system' content='tesseract 3.04.00' />
  <meta name='ocr-capabilities' content='ocr_page ocr_carea ocr_par ocr_line ocrx_word'/>
</head>
<body>
  <div class='ocr_page' id='page_1' title='image "./corpusscriptoru20wissgoog_0564.png"; bbox 0 0 3250 4959; ppageno 0'>
   <div class='ocr_carea' id='block_1_1' title="bbox 328 379 1245 454">
    <p class='ocr_par' dir='ltr' id='par_1_1' title="bbox 328 379 1245 454">
     <span class='ocr_line' id='line_1_1' title="bbox 328 379 1245 454; baseline -0.011 -12"><span class='ocrx_word' id='word_1_1' title='bbox 328 385 394 454; x_wconf 79' lang='grc'><strong>496</strong></span> <span class='ocrx_word' id='word_1_2' title='bbox 556 381 673 448; x_wconf 82' lang='lat' dir='ltr'><strong>Quinti</strong></span> <span class='ocrx_word' id='word_1_3' title='bbox 693 382 835 453; x_wconf 80' lang='lat' dir='ltr'><strong>Septimi</strong></span> <span class='ocrx_word' id='word_1_4' title='bbox 851 382 1023 437; x_wconf 81' lang='lat' dir='ltr'><strong>Florentia</strong></span> <span class='ocrx_word' id='word_1_5' title='bbox 1041 379 1245 437; x_wconf 69' lang='lat' dir='ltr'><strong>Tertulliani</strong></span> 
     </span>
    </p>
   </div>
   <div class='ocr_carea' id='block_1_2' title="bbox 328 573 1623 2046">
    <p class='ocr_par' dir='ltr' id='par_1_2' title="bbox 328 573 1623 2046">
     <span class='ocr_line' id='line_1_2' title="bbox 329 573 1486 661; baseline -0.003 -19"><span class='ocrx_word' id='word_1_6' title='bbox 329 575 491 661; x_wconf 78' lang='lat' dir='ltr'><strong>gloriam</strong></span> <span class='ocrx_word' id='word_1_7' title='bbox 514 579 627 642; x_wconf 88' lang='lat' dir='ltr'><strong>tuam.</strong></span> <span class='ocrx_word' id='word_1_8' title='bbox 653 577 686 640; x_wconf 86' lang='lat' dir='ltr'><strong>et</strong></span> <span class='ocrx_word' id='word_1_9' title='bbox 709 574 859 640; x_wconf 89' lang='lat' dir='ltr'><strong>dominns</strong></span> <span class='ocrx_word' id='word_1_10' title='bbox 882 575 1031 640; x_wconf 86' lang='lat' dir='ltr'><strong>similiter</strong></span> <span class='ocrx_word' id='word_1_11' title='bbox 1059 574 1099 642; x_wconf 86' lang='lat' dir='ltr'><strong>dc</strong></span> <span class='ocrx_word' id='word_1_12' title='bbox 1124 573 1248 642; x_wconf 83' lang='lat' dir='ltr'><strong>laturo:</strong></span> <span class='ocrx_word' id='word_1_13' title='bbox 1276 593 1345 660; x_wconf 91' lang='lat' dir='ltr'><strong>ego</strong></span> <span class='ocrx_word' id='word_1_14' title='bbox 1371 593 1486 658; x_wconf 86' lang='lat' dir='ltr'><strong>prae·</strong></span> 
     </span>
     <span class='ocr_line' id='line_1_3' title="bbox 329 680 1486 768; baseline -0.001 -20"><span class='ocrx_word' id='word_1_15' title='bbox 329 680 455 748; x_wconf 85' lang='lat' dir='ltr'><strong>cedam</strong></span> <span class='ocrx_word' id='word_1_16' title='bbox 486 681 611 768; x_wconf 88' lang='lat' dir='ltr'><strong>glorie</strong></span> <span class='ocrx_word' id='word_1_17' title='bbox 637 697 733 760; x_wconf 76' lang='lat' dir='ltr'><strong>mea,</strong></span> <span class='ocrx_word' id='word_1_18' title='bbox 756 685 790 748; x_wconf 92' lang='lat' dir='ltr'><strong>et</strong></span> <span class='ocrx_word' id='word_1_19' title='bbox 816 681 950 764; x_wconf 82' lang='lat' dir='ltr'><strong>reliqna</strong></span> <span class='ocrx_word' id='word_1_20' title='bbox 979 684 1012 746; x_wconf 90' lang='lat' dir='ltr'><strong>ot</strong></span> <span class='ocrx_word' id='word_1_21' title='bbox 1038 681 1071 748; x_wconf 85' lang='lat' dir='ltr'><strong>in</strong></span> <span class='ocrx_word' id='word_1_22' title='bbox 1097 681 1288 748; x_wconf 84' lang='lat' dir='ltr'><strong>nouissimo:</strong></span> <span class='ocrx_word' id='word_1_23' title='bbox 1319 685 1358 746; x_wconf 91' lang='lat' dir='ltr'><strong>ot</strong></span> <span class='ocrx_word' id='word_1_24' title='bbox 1384 686 1486 748; x_wconf 85' lang='lat' dir='ltr'><strong>tunc</strong></span> 
     </span>
     <span class='ocr_line' id='line_1_4' title="bbox 329 787 1486 872; baseline 0.001 -18"><span class='ocrx_word' id='word_1_25' title='bbox 329 787 481 854; x_wconf 87' lang='lat' dir='ltr'><strong>uidebis</strong></span> <span class='ocrx_word' id='word_1_26' title='bbox 504 787 719 872; x_wconf 77' lang='lat' dir='ltr'><strong>posteriora</strong></span> <span class='ocrx_word' id='word_1_27' title='bbox 742 805 832 867; x_wconf 90' lang='lat' dir='ltr'><strong>mea,</strong></span> <span class='ocrx_word' id='word_1_28' title='bbox 856 803 919 852; x_wconf 90' lang='lat' dir='ltr'><strong>non</strong></span> <span class='ocrx_word' id='word_1_29' title='bbox 941 787 1069 854; x_wconf 88' lang='lat' dir='ltr'><strong>lumbos</strong></span> <span class='ocrx_word' id='word_1_30' title='bbox 1091 805 1150 853; x_wconf 88' lang='lat' dir='ltr'><strong>neo</strong></span> <span class='ocrx_word' id='word_1_31' title='bbox 1171 805 1275 866; x_wconf 89' lang='lat' dir='ltr'><strong>suras,</strong></span> <span class='ocrx_word' id='word_1_32' title='bbox 1298 787 1356 855; x_wconf 82' lang='lat' dir='ltr'><strong>seo</strong></span> <span class='ocrx_word' id='word_1_33' title='bbox 1377 806 1486 870; x_wconf 87' lang='lat' dir='ltr'><strong>quam</strong></span> 
     </span>
     <span class='ocr_line' id='line_1_5' title="bbox 328 893 1623 978; baseline 0.002 -18"><span class='ocrx_word' id='word_1_34' title='bbox 328 893 565 962; x_wconf 82' lang='lat' dir='ltr'><strong>desiderauerat</strong></span> <span class='ocrx_word' id='word_1_35' title='bbox 587 895 722 978; x_wconf 83' lang='lat' dir='ltr'><strong>gloriam</strong></span> <span class='ocrx_word' id='word_1_36' title='bbox 745 895 776 960; x_wconf 91' lang='lat' dir='ltr'><strong>in</strong></span> <span class='ocrx_word' id='word_1_37' title='bbox 800 894 1033 978; x_wconf 74' lang='lat' dir='ltr'><strong>posterioribus</strong></span> <span class='ocrx_word' id='word_1_38' title='bbox 1046 895 1245 978; x_wconf 72' lang='lat' dir='ltr'><strong>temporibus</strong></span> <span class='ocrx_word' id='word_1_39' title='bbox 1262 895 1486 963; x_wconf 74' lang='lat' dir='ltr'><strong>musmonem.</strong></span> <span class='ocrx_word' id='word_1_40' title='bbox 1622 970 1623 973; x_wconf 8' lang='grc' dir='ltr'><strong>Ἴ</strong></span> 
     </span>
     <span class='ocr_line' id='line_1_6' title="bbox 328 999 1528 1086; baseline -0.003 -16"><span class='ocrx_word' id='word_1_41' title='bbox 328 1000 361 1070; x_wconf 87' lang='lat' dir='ltr'><strong>in</strong></span> <span class='ocrx_word' id='word_1_42' title='bbox 385 1001 550 1084; x_wconf 79' lang='lat' dir='ltr'><strong>quaranta</strong></span> <span class='ocrx_word' id='word_1_43' title='bbox 573 1001 751 1068; x_wconf 86' lang='lat' dir='ltr'><strong>adfaciem</strong></span> <span class='ocrx_word' id='word_1_44' title='bbox 775 1001 939 1066; x_wconf 87' lang='lat' dir='ltr'><strong>nisibilem</strong></span> <span class='ocrx_word' id='word_1_45' title='bbox 963 1020 998 1067; x_wconf 90' lang='lat' dir='ltr'><strong>se</strong></span> <span class='ocrx_word' id='word_1_46' title='bbox 1021 1001 1051 1068; x_wconf 91' lang='lat' dir='ltr'><strong>ei</strong></span> <span class='ocrx_word' id='word_1_47' title='bbox 1068 1002 1302 1086; x_wconf 70' lang='lat' dir='ltr'><strong>repromiserat,</strong></span> <span class='ocrx_word' id='word_1_48' title='bbox 1320 1001 1424 1067; x_wconf 86' lang='lat' dir='ltr'><strong>etiam</strong></span> <span class='ocrx_word' id='word_1_49' title='bbox 1443 999 1487 1064; x_wconf 75' lang='lat' dir='ltr'><strong>acl</strong></span> <span class='ocrx_word' id='word_1_50' title='bbox 1514 1026 1528 1066; x_wconf 77' lang='lat' dir='ltr'><strong>a</strong></span> 
     </span>
     <span class='ocr_line' id='line_1_7' title="bbox 330 1106 1486 1192; baseline -0.003 -18"><span class='ocrx_word' id='word_1_51' title='bbox 330 1106 486 1174; x_wconf 72' lang='lat' dir='ltr'><strong>manem</strong></span> <span class='ocrx_word' id='word_1_52' title='bbox 523 1107 648 1174; x_wconf 86' lang='lat' dir='ltr'><strong>diceus:</strong></span> <span class='ocrx_word' id='word_1_53' title='bbox 682 1111 720 1174; x_wconf 90' lang='lat' dir='ltr'><strong>et</strong></span> <span class='ocrx_word' id='word_1_54' title='bbox 757 1107 789 1173; x_wconf 90' lang='lat' dir='ltr'><strong>si</strong></span> <span class='ocrx_word' id='word_1_55' title='bbox 822 1108 940 1174; x_wconf 83' lang='lat' dir='ltr'><strong>inerit</strong></span> <span class='ocrx_word' id='word_1_56' title='bbox 971 1109 1177 1192; x_wconf 90' lang='lat' dir='ltr'><strong>prophetes</strong></span> <span class='ocrx_word' id='word_1_57' title='bbox 1210 1108 1246 1174; x_wconf 89' lang='lat' dir='ltr'><strong>in</strong></span> <span class='ocrx_word' id='word_1_58' title='bbox 1278 1107 1404 1184; x_wconf 85' lang='lat' dir='ltr'><strong>uobis,</strong></span> <span class='ocrx_word' id='word_1_59' title='bbox 1445 1107 1486 1172; x_wconf 91' lang='lat' dir='ltr'><strong>in</strong></span> 
     </span>
     <span class='ocr_line' id='line_1_8' title="bbox 329 1213 1487 1299; baseline -0.002 -19"><span class='ocrx_word' id='word_1_60' title='bbox 329 1213 480 1280; x_wconf 91' lang='lat' dir='ltr'><strong>uisione</strong></span> <span class='ocrx_word' id='word_1_61' title='bbox 508 1231 717 1299; x_wconf 88' lang='lat' dir='ltr'><strong>cognoscar</strong></span> <span class='ocrx_word' id='word_1_62' title='bbox 743 1215 806 1280; x_wconf 92' lang='lat' dir='ltr'><strong>illi</strong></span> <span class='ocrx_word' id='word_1_63' title='bbox 834 1218 872 1280; x_wconf 89' lang='lat' dir='ltr'><strong>ot</strong></span> <span class='ocrx_word' id='word_1_64' title='bbox 902 1215 940 1280; x_wconf 91' lang='lat' dir='ltr'><strong>iu</strong></span> <span class='ocrx_word' id='word_1_65' title='bbox 971 1215 1120 1281; x_wconf 89' lang='lat' dir='ltr'><strong>uisioue</strong></span> <span class='ocrx_word' id='word_1_66' title='bbox 1152 1216 1286 1298; x_wconf 89' lang='lat' dir='ltr'><strong>loquar</strong></span> <span class='ocrx_word' id='word_1_67' title='bbox 1312 1213 1357 1297; x_wconf 76' lang='lat' dir='ltr'><strong>acl</strong></span> <span class='ocrx_word' id='word_1_68' title='bbox 1382 1231 1487 1290; x_wconf 88' lang='lat' dir='ltr'><strong>eum,</strong></span> 
     </span>
     <span class='ocr_line' id='line_1_9' title="bbox 330 1320 1486 1406; baseline -0.001 -20"><span class='ocrx_word' id='word_1_69' title='bbox 330 1338 399 1386; x_wconf 89' lang='lat' dir='ltr'><strong>non</strong></span> <span class='ocrx_word' id='word_1_70' title='bbox 424 1321 609 1404; x_wconf 89' lang='lat' dir='ltr'><strong>quomodo</strong></span> <span class='ocrx_word' id='word_1_71' title='bbox 633 1321 678 1387; x_wconf 86' lang='lat' dir='ltr'><strong>ad</strong></span> <span class='ocrx_word' id='word_1_72' title='bbox 701 1321 871 1406; x_wconf 75' lang='lat' dir='ltr'><strong>Moyseu3</strong></span> <span class='ocrx_word' id='word_1_73' title='bbox 893 1341 933 1387; x_wconf 92' lang='lat' dir='ltr'><strong>os</strong></span> <span class='ocrx_word' id='word_1_74' title='bbox 956 1320 1001 1386; x_wconf 85' lang='lat' dir='ltr'><strong>ad</strong></span> <span class='ocrx_word' id='word_1_75' title='bbox 1022 1339 1064 1388; x_wconf 93' lang='lat' dir='ltr'><strong>oe</strong></span> <span class='ocrx_word' id='word_1_76' title='bbox 1086 1321 1223 1406; x_wconf 87' lang='lat' dir='ltr'><strong>loquar</strong></span> <span class='ocrx_word' id='word_1_77' title='bbox 1244 1321 1289 1386; x_wconf 86' lang='lat' dir='ltr'><strong>ad</strong></span> <span class='ocrx_word' id='word_1_78' title='bbox 1316 1339 1411 1396; x_wconf 89' lang='lat' dir='ltr'><strong>enm,</strong></span> <span class='ocrx_word' id='word_1_79' title='bbox 1447 1321 1486 1386; x_wconf 92' lang='lat' dir='ltr'><strong>iu</strong></span> 
     </span>
     <span class='ocr_line' id='line_1_10' title="bbox 330 1427 1486 1514; baseline -0.001 -22"><span class='ocrx_word' id='word_1_80' title='bbox 330 1428 458 1510; x_wconf 88' lang='lat' dir='ltr'><strong>specie</strong></span> <span class='ocrx_word' id='word_1_81' title='bbox 482 1463 524 1476; x_wconf 90' lang='lat'><strong>--</strong></span> <span class='ocrx_word' id='word_1_82' title='bbox 548 1429 660 1511; x_wconf 89' lang='lat' dir='ltr'><strong>utique</strong></span> <span class='ocrx_word' id='word_1_83' title='bbox 684 1428 840 1505; x_wconf 84' lang='lat' dir='ltr'><strong>bominis,</strong></span> <span class='ocrx_word' id='word_1_84' title='bbox 858 1445 954 1512; x_wconf 87' lang='lat' dir='ltr'><strong>quam</strong></span> <span class='ocrx_word' id='word_1_85' title='bbox 978 1430 1048 1495; x_wconf 90' lang='lat' dir='ltr'><strong>erat</strong></span> <span class='ocrx_word' id='word_1_86' title='bbox 1074 1431 1260 1514; x_wconf 80' lang='lat' dir='ltr'><strong>gestaturus</strong></span> <span class='ocrx_word' id='word_1_87' title='bbox 1283 1463 1325 1478; x_wconf 91' lang='lat'><em>-</em></span> <span class='ocrx_word' id='word_1_88' title='bbox 1348 1447 1423 1492; x_wconf 88' lang='lat' dir='ltr'><strong>non</strong></span> <span class='ocrx_word' id='word_1_89' title='bbox 1447 1427 1486 1492; x_wconf 94' lang='lat' dir='ltr'><strong>in</strong></span> 
     </span>
     <span class='ocr_line' id='line_1_11' title="bbox 330 1535 1529 1619; baseline -0.002 -19"><span class='ocrx_word' id='word_1_90' title='bbox 330 1535 551 1619; x_wconf 79' lang='lat' dir='ltr'><strong>aenigmate.</strong></span> <span class='ocrx_word' id='word_1_91' title='bbox 581 1553 655 1600; x_wconf 90' lang='lat' dir='ltr'><strong>nam</strong></span> <span class='ocrx_word' id='word_1_92' title='bbox 688 1539 721 1601; x_wconf 91' lang='lat' dir='ltr'><strong>at</strong></span> <span class='ocrx_word' id='word_1_93' title='bbox 753 1536 782 1602; x_wconf 91' lang='lat' dir='ltr'><strong>si</strong></span> <span class='ocrx_word' id='word_1_94' title='bbox 815 1536 957 1603; x_wconf 79' lang='lat' dir='ltr'><strong>Marcion</strong></span> <span class='ocrx_word' id='word_1_95' title='bbox 989 1537 1096 1602; x_wconf 90' lang='lat' dir='ltr'><strong>noluit</strong></span> <span class='ocrx_word' id='word_1_96' title='bbox 1127 1554 1201 1602; x_wconf 91' lang='lat' dir='ltr'><strong>eum</strong></span> <span class='ocrx_word' id='word_1_97' title='bbox 1232 1537 1485 1618; x_wconf 77' lang='lat' dir='ltr'><strong>conloquentem</strong></span> <span class='ocrx_word' id='word_1_98' title='bbox 1503 1557 1529 1598; x_wconf 81' lang='grc' dir='ltr'><strong>ιο</strong></span> 
     </span>
     <span class='ocr_line' id='line_1_12' title="bbox 329 1638 1486 1721; baseline 0.003 -17"><span class='ocrx_word' id='word_1_99' title='bbox 329 1638 457 1706; x_wconf 87' lang='lat' dir='ltr'><strong>domino</strong></span> <span class='ocrx_word' id='word_1_100' title='bbox 473 1643 649 1721; x_wconf 85' lang='lat' dir='ltr'><strong>ostensum,</strong></span> <span class='ocrx_word' id='word_1_101' title='bbox 665 1641 723 1708; x_wconf 87' lang='lat' dir='ltr'><strong>eod</strong></span> <span class='ocrx_word' id='word_1_102' title='bbox 737 1645 886 1720; x_wconf 72' lang='lat' dir='ltr'><strong>stentm,</strong></span> <span class='ocrx_word' id='word_1_103' title='bbox 900 1646 1007 1708; x_wconf 65' lang='lat' dir='ltr'><strong>umen</strong></span> <span class='ocrx_word' id='word_1_104' title='bbox 1022 1645 1055 1710; x_wconf 88' lang='lat' dir='ltr'><strong>et</strong></span> <span class='ocrx_word' id='word_1_105' title='bbox 1067 1645 1157 1708; x_wconf 88' lang='lat' dir='ltr'><strong>stane</strong></span> <span class='ocrx_word' id='word_1_106' title='bbox 1172 1659 1208 1708; x_wconf 89' lang='lat' dir='ltr'><strong>os</strong></span> <span class='ocrx_word' id='word_1_107' title='bbox 1223 1642 1263 1708; x_wconf 83' lang='lat' dir='ltr'><strong>ad</strong></span> <span class='ocrx_word' id='word_1_108' title='bbox 1276 1661 1313 1708; x_wconf 92' lang='lat' dir='ltr'><strong>oe</strong></span> <span class='ocrx_word' id='word_1_109' title='bbox 1326 1641 1438 1708; x_wconf 82' lang='lat' dir='ltr'><strong>stabat</strong></span> <span class='ocrx_word' id='word_1_110' title='bbox 1450 1650 1486 1708; x_wconf 85' lang='lat' dir='ltr'><strong>et</strong></span> 
     </span>
     <span class='ocr_line' id='line_1_13' title="bbox 329 1745 1483 1834; baseline 0.004 -25"><span class='ocrx_word' id='word_1_111' title='bbox 329 1745 444 1814; x_wconf 87' lang='lat' dir='ltr'><strong>facicm</strong></span> <span class='ocrx_word' id='word_1_112' title='bbox 467 1747 507 1812; x_wconf 76' lang='lat' dir='ltr'><strong>ael</strong></span> <span class='ocrx_word' id='word_1_113' title='bbox 526 1748 651 1827; x_wconf 72' lang='lat' dir='ltr'><strong>sanem,</strong></span> <span class='ocrx_word' id='word_1_114' title='bbox 665 1785 712 1800; x_wconf 85' lang='lat'><strong>--</strong></span> <span class='ocrx_word' id='word_1_115' title='bbox 725 1768 807 1814; x_wconf 91' lang='lat' dir='ltr'><strong>cum</strong></span> <span class='ocrx_word' id='word_1_116' title='bbox 830 1750 911 1829; x_wconf 92' lang='lat' dir='ltr'><strong>illo,</strong></span> <span class='ocrx_word' id='word_1_117' title='bbox 929 1749 1046 1834; x_wconf 90' lang='lat' dir='ltr'><strong>inquit,</strong></span> <span class='ocrx_word' id='word_1_118' title='bbox 1064 1768 1126 1816; x_wconf 90' lang='lat' dir='ltr'><strong>non</strong></span> <span class='ocrx_word' id='word_1_119' title='bbox 1145 1751 1245 1816; x_wconf 82' lang='lat' dir='ltr'><strong>‘extra</strong></span> <span class='ocrx_word' id='word_1_120' title='bbox 1260 1749 1365 1816; x_wconf 85' lang='lat' dir='ltr'><strong>illnm’</strong></span> <span class='ocrx_word' id='word_1_121' title='bbox 1381 1783 1428 1796; x_wconf 92' lang='lat'>-</span> <span class='ocrx_word' id='word_1_122' title='bbox 1447 1749 1483 1814; x_wconf 90' lang='lat' dir='ltr'><strong>in</strong></span> 
     </span>
     <span class='ocr_line' id='line_1_14' title="bbox 330 1852 1485 1941; baseline 0.002 -23"><span class='ocrx_word' id='word_1_123' title='bbox 330 1852 433 1937; x_wconf 84' lang='lat' dir='ltr'><strong>gloria</strong></span> <span class='ocrx_word' id='word_1_124' title='bbox 453 1854 567 1938; x_wconf 88' lang='lat' dir='ltr'><strong>ipsius,</strong></span> <span class='ocrx_word' id='word_1_125' title='bbox 599 1854 717 1920; x_wconf 89' lang='lat' dir='ltr'><strong>nedum</strong></span> <span class='ocrx_word' id='word_1_126' title='bbox 741 1855 773 1920; x_wconf 91' lang='lat' dir='ltr'><strong>in</strong></span> <span class='ocrx_word' id='word_1_127' title='bbox 797 1859 981 1940; x_wconf 86' lang='lat' dir='ltr'><strong>conspectu.</strong></span> <span class='ocrx_word' id='word_1_128' title='bbox 1014 1857 1053 1922; x_wconf 84' lang='lat' dir='ltr'><strong>de</strong></span> <span class='ocrx_word' id='word_1_129' title='bbox 1080 1875 1146 1940; x_wconf 89' lang='lat' dir='ltr'><strong>qua</strong></span> <span class='ocrx_word' id='word_1_130' title='bbox 1171 1857 1275 1941; x_wconf 88' lang='lat' dir='ltr'><strong>gloria</strong></span> <span class='ocrx_word' id='word_1_131' title='bbox 1300 1875 1361 1922; x_wconf 90' lang='lat' dir='ltr'><strong>non</strong></span> <span class='ocrx_word' id='word_1_132' title='bbox 1385 1855 1485 1921; x_wconf 86' lang='lat' dir='ltr'><strong>aliter</strong></span> 
     </span>
     <span class='ocr_line' id='line_1_15' title="bbox 329 1960 1483 2046; baseline 0.002 -22"><span class='ocrx_word' id='word_1_133' title='bbox 329 1960 518 2028; x_wconf 83' lang='lat' dir='ltr'><strong>inlustratus</strong></span> <span class='ocrx_word' id='word_1_134' title='bbox 533 1961 684 2028; x_wconf 83' lang='lat' dir='ltr'><strong>discessit</strong></span> <span class='ocrx_word' id='word_1_135' title='bbox 702 1982 721 2027; x_wconf 90' lang='lat' dir='ltr'><strong>s</strong></span> <span class='ocrx_word' id='word_1_136' title='bbox 740 1961 868 2029; x_wconf 76' lang='lat' dir='ltr'><strong>Christo</strong></span> <span class='ocrx_word' id='word_1_137' title='bbox 887 1981 983 2046; x_wconf 88' lang='lat' dir='ltr'><strong>quam</strong></span> <span class='ocrx_word' id='word_1_138' title='bbox 998 1963 1122 2030; x_wconf 86' lang='lat' dir='ltr'><strong>solebat</strong></span> <span class='ocrx_word' id='word_1_139' title='bbox 1140 1983 1160 2028; x_wconf 91' lang='lat' dir='ltr'><strong>a</strong></span> <span class='ocrx_word' id='word_1_140' title='bbox 1177 1966 1328 2041; x_wconf 79' lang='lat' dir='ltr'><strong>creatore,</strong></span> <span class='ocrx_word' id='word_1_141' title='bbox 1345 1961 1483 2044; x_wconf 84' lang='lat' dir='ltr'><strong>proinde</strong></span> 
     </span>
    </p>
   </div>
   <div class='ocr_carea' id='block_1_3' title="bbox 1623 0 1627 941">
    <p class='ocr_par' dir='ltr' id='par_1_3' title="bbox 1623 0 1627 941">
     <span class='ocr_line' id='line_1_16' title="bbox 1623 0 1627 941; baseline 0 0"><span class='ocrx_word' id='word_1_142' title='bbox 1623 0 1627 941; x_wconf 95' lang='lat' dir='ltr'><strong> </strong></span> 
     </span>
    </p>
   </div>
   <div class='ocr_carea' id='block_1_4' title="bbox 328 2064 1623 2153">
    <p class='ocr_par' dir='ltr' id='par_1_4' title="bbox 328 2064 1623 2153">
     <span class='ocr_line' id='line_1_17' title="bbox 328 2064 1623 2153; baseline 0.001 -21"><span class='ocrx_word' id='word_1_143' title='bbox 328 2069 406 2134; x_wconf 89' lang='lat' dir='ltr'><strong>tnnc</strong></span> <span class='ocrx_word' id='word_1_144' title='bbox 438 2069 548 2136; x_wconf 89' lang='lat' dir='ltr'><strong>oculos</strong></span> <span class='ocrx_word' id='word_1_145' title='bbox 580 2069 762 2153; x_wconf 88' lang='lat' dir='ltr'><strong>percutiens</strong></span> <span class='ocrx_word' id='word_1_146' title='bbox 794 2069 934 2136; x_wconf 87' lang='lat' dir='ltr'><strong>liliorum</strong></span> <span class='ocrx_word' id='word_1_147' title='bbox 960 2070 1122 2151; x_wconf 88' lang='lat' dir='ltr'><strong>Israhelis,</strong></span> <span class='ocrx_word' id='word_1_148' title='bbox 1149 2069 1418 2153; x_wconf 77' lang='lat' dir='ltr'><strong>quemadmodum</strong></span> <span class='ocrx_word' id='word_1_149' title='bbox 1447 2074 1483 2134; x_wconf 87' lang='lat' dir='ltr'><strong>et</strong></span> <span class='ocrx_word' id='word_1_150' title='bbox 1499 2087 1525 2130; x_wconf 80' lang='lat' dir='ltr'><strong>u</strong></span> <span class='ocrx_word' id='word_1_151' title='bbox 1622 2064 1623 2133; x_wconf 74' lang='lat'><em>3</em></span> 
     </span>
    </p>
   </div>
   <div class='ocr_carea' id='block_1_5' title="bbox 330 2175 1623 3437">
    <p class='ocr_par' dir='ltr' id='par_1_5' title="bbox 330 2175 1483 2350">
     <span class='ocr_line' id='line_1_18' title="bbox 330 2175 1483 2261; baseline 0 -19"><span class='ocrx_word' id='word_1_152' title='bbox 330 2193 414 2242; x_wconf 90' lang='lat' dir='ltr'><strong>nnnc</strong></span> <span class='ocrx_word' id='word_1_153' title='bbox 431 2175 589 2242; x_wconf 86' lang='lat' dir='ltr'><strong>excaecati</strong></span> <span class='ocrx_word' id='word_1_154' title='bbox 601 2175 782 2257; x_wconf 83' lang='lat' dir='ltr'><strong>Marcionis,</strong></span> <span class='ocrx_word' id='word_1_155' title='bbox 795 2176 850 2261; x_wconf 93' lang='lat' dir='ltr'><strong>qui</strong></span> <span class='ocrx_word' id='word_1_156' title='bbox 869 2177 929 2242; x_wconf 92' lang='lat' dir='ltr'><strong>hoc</strong></span> <span class='ocrx_word' id='word_1_157' title='bbox 943 2193 1069 2261; x_wconf 92' lang='lat' dir='ltr'><strong>quoque</strong></span> <span class='ocrx_word' id='word_1_158' title='bbox 1082 2179 1306 2261; x_wconf 84' lang='lat' dir='ltr'><strong>argumentum</strong></span> <span class='ocrx_word' id='word_1_159' title='bbox 1324 2175 1483 2252; x_wconf 81' lang='lat' dir='ltr'><strong>aduersus</strong></span> 
     </span>
     <span class='ocr_line' id='line_1_19' title="bbox 330 2281 693 2350; baseline 0.011 -4"><span class='ocrx_word' id='word_1_160' title='bbox 330 2299 365 2347; x_wconf 89' lang='lat' dir='ltr'><strong>se</strong></span> <span class='ocrx_word' id='word_1_161' title='bbox 387 2281 491 2348; x_wconf 84' lang='lat' dir='ltr'><strong>iacere</strong></span> <span class='ocrx_word' id='word_1_162' title='bbox 514 2302 576 2349; x_wconf 93' lang='lat' dir='ltr'><strong>non</strong></span> <span class='ocrx_word' id='word_1_163' title='bbox 600 2283 693 2350; x_wconf 87' lang='lat' dir='ltr'><strong>uidit.</strong></span> 
     </span>
    </p>

    <p class='ocr_par' dir='ltr' id='par_1_6' title="bbox 330 2389 1623 3437">
     <span class='ocr_line' id='line_1_20' title="bbox 374 2389 1481 2473; baseline 0.002 -21"><span class='ocrx_word' id='word_1_164' title='bbox 374 2389 427 2452; x_wconf 88' lang='grc'><strong>23.</strong></span> <span class='ocrx_word' id='word_1_165' title='bbox 452 2389 599 2473; x_wconf 85' lang='lat' dir='ltr'><strong>Suscipio</strong></span> <span class='ocrx_word' id='word_1_166' title='bbox 622 2389 654 2456; x_wconf 94' lang='lat' dir='ltr'><strong>in</strong></span> <span class='ocrx_word' id='word_1_167' title='bbox 677 2409 728 2456; x_wconf 90' lang='lat' dir='ltr'><strong>me</strong></span> <span class='ocrx_word' id='word_1_168' title='bbox 751 2408 919 2472; x_wconf 89' lang='lat' dir='ltr'><strong>personam</strong></span> <span class='ocrx_word' id='word_1_169' title='bbox 941 2389 1105 2458; x_wconf 81' lang='lat' dir='ltr'><strong>israhelis.</strong></span> <span class='ocrx_word' id='word_1_170' title='bbox 1138 2393 1204 2456; x_wconf 85' lang='lat' dir='ltr'><strong>stet</strong></span> <span class='ocrx_word' id='word_1_171' title='bbox 1225 2389 1374 2456; x_wconf 82' lang='lat' dir='ltr'><strong>Christus</strong></span> <span class='ocrx_word' id='word_1_172' title='bbox 1396 2389 1481 2455; x_wconf 79' lang='lat' dir='ltr'><strong>biar-</strong></span> 
     </span>
     <span class='ocr_line' id='line_1_21' title="bbox 331 2494 1480 2580; baseline 0.001 -20"><span class='ocrx_word' id='word_1_173' title='bbox 331 2494 431 2560; x_wconf 88' lang='lat' dir='ltr'><strong>cionis</strong></span> <span class='ocrx_word' id='word_1_174' title='bbox 455 2497 489 2559; x_wconf 88' lang='lat' dir='ltr'><strong>et</strong></span> <span class='ocrx_word' id='word_1_175' title='bbox 511 2495 680 2562; x_wconf 85' lang='lat' dir='ltr'><strong>exclamet:</strong></span> <span class='ocrx_word' id='word_1_176' title='bbox 706 2515 725 2562; x_wconf 91' lang='lat' dir='ltr'><strong>o</strong></span> <span class='ocrx_word' id='word_1_177' title='bbox 755 2497 934 2580; x_wconf 88' lang='lat' dir='ltr'><strong>genitura</strong></span> <span class='ocrx_word' id='word_1_178' title='bbox 956 2497 1163 2573; x_wconf 80' lang='lat' dir='ltr'><strong>incredula,</strong></span> <span class='ocrx_word' id='word_1_179' title='bbox 1191 2514 1389 2580; x_wconf 88' lang='lat' dir='ltr'><strong>quousque</strong></span> <span class='ocrx_word' id='word_1_180' title='bbox 1417 2515 1480 2562; x_wconf 91' lang='lat' dir='ltr'><strong>ero</strong></span> 
     </span>
     <span class='ocr_line' id='line_1_22' title="bbox 332 2599 1623 2686; baseline 0.004 -20"><span class='ocrx_word' id='word_1_181' title='bbox 332 2599 429 2684; x_wconf 87' lang='lat' dir='ltr'><strong>apud</strong></span> <span class='ocrx_word' id='word_1_182' title='bbox 452 2605 542 2669; x_wconf 85' lang='lat' dir='ltr'><strong>uos?</strong></span> <span class='ocrx_word' id='word_1_183' title='bbox 565 2622 764 2686; x_wconf 90' lang='lat' dir='ltr'><strong>quousque</strong></span> <span class='ocrx_word' id='word_1_184' title='bbox 787 2604 986 2670; x_wconf 89' lang='lat' dir='ltr'><strong>sustinebo</strong></span> <span class='ocrx_word' id='word_1_185' title='bbox 1010 2608 1101 2670; x_wconf 82' lang='lat' dir='ltr'><strong>uos?</strong></span> <span class='ocrx_word' id='word_1_186' title='bbox 1125 2603 1235 2671; x_wconf 88' lang='lat' dir='ltr'><strong>statim</strong></span> <span class='ocrx_word' id='word_1_187' title='bbox 1258 2622 1277 2669; x_wconf 86' lang='lat' dir='ltr'><strong>a</strong></span> <span class='ocrx_word' id='word_1_188' title='bbox 1299 2621 1352 2670; x_wconf 90' lang='lat' dir='ltr'><strong>me</strong></span> <span class='ocrx_word' id='word_1_189' title='bbox 1369 2603 1481 2668; x_wconf 81' lang='lat' dir='ltr'><strong>audire</strong></span> <span class='ocrx_word' id='word_1_190' title='bbox 1497 2621 1524 2660; x_wconf 63' lang='grc' dir='ltr'><strong>υ</strong></span> <span class='ocrx_word' id='word_1_191' title='bbox 1622 2656 1623 2671; x_wconf 49' lang='lat'>2</span> 
     </span>
     <span class='ocr_line' id='line_1_23' title="bbox 331 2698 1623 2794; baseline 0.002 -22"><span class='ocrx_word' id='word_1_192' title='bbox 331 2707 472 2774; x_wconf 85' lang='lat' dir='ltr'><strong>debebit:</strong></span> <span class='ocrx_word' id='word_1_193' title='bbox 501 2709 658 2793; x_wconf 85' lang='lat' dir='ltr'><strong>‘quisquis</strong></span> <span class='ocrx_word' id='word_1_194' title='bbox 687 2729 730 2790; x_wconf 91' lang='lat' dir='ltr'><strong>es,</strong></span> <span class='ocrx_word' id='word_1_195' title='bbox 763 2729 781 2774; x_wconf 94' lang='lat' dir='ltr'><strong>o</strong></span> <span class='ocrx_word' id='word_1_196' title='bbox 811 2726 993 2786; x_wconf 84' lang='lat' dir='ltr'><strong>oeconoma,</strong></span> <span class='ocrx_word' id='word_1_197' title='bbox 1025 2712 1115 2794; x_wconf 88' lang='lat' dir='ltr'><strong>prius</strong></span> <span class='ocrx_word' id='word_1_198' title='bbox 1143 2709 1211 2789; x_wconf 84' lang='lat' dir='ltr'><strong>ede,</strong></span> <span class='ocrx_word' id='word_1_199' title='bbox 1243 2711 1299 2794; x_wconf 93' lang='lat' dir='ltr'><strong>qui</strong></span> <span class='ocrx_word' id='word_1_200' title='bbox 1326 2711 1372 2777; x_wconf 90' lang='lat' dir='ltr'><strong>sis</strong></span> <span class='ocrx_word' id='word_1_201' title='bbox 1402 2715 1436 2777; x_wconf 92' lang='lat' dir='ltr'><strong>et</strong></span> <span class='ocrx_word' id='word_1_202' title='bbox 1462 2729 1481 2774; x_wconf 89' lang='lat' dir='ltr'><strong>a</strong></span> <span class='ocrx_word' id='word_1_203' title='bbox 1622 2698 1623 2705; x_wconf 53' lang='lat'><em>&#39;</em></span> 
     </span>
     <span class='ocr_line' id='line_1_24' title="bbox 330 2816 1481 2902; baseline 0.002 -22"><span class='ocrx_word' id='word_1_204' title='bbox 330 2834 393 2898; x_wconf 91' lang='lat' dir='ltr'><strong>quo</strong></span> <span class='ocrx_word' id='word_1_205' title='bbox 417 2816 526 2884; x_wconf 84' lang='lat' dir='ltr'><strong>nenias</strong></span> <span class='ocrx_word' id='word_1_206' title='bbox 551 2818 583 2883; x_wconf 91' lang='lat' dir='ltr'><strong>et</strong></span> <span class='ocrx_word' id='word_1_207' title='bbox 606 2818 691 2900; x_wconf 89' lang='lat' dir='ltr'><strong>qnod</strong></span> <span class='ocrx_word' id='word_1_208' title='bbox 713 2819 746 2883; x_wconf 89' lang='lat' dir='ltr'><strong>in</strong></span> <span class='ocrx_word' id='word_1_209' title='bbox 768 2817 860 2884; x_wconf 88' lang='lat' dir='ltr'><strong>nobis</strong></span> <span class='ocrx_word' id='word_1_210' title='bbox 883 2819 944 2883; x_wconf 89' lang='lat' dir='ltr'><strong>tibi</strong></span> <span class='ocrx_word' id='word_1_211' title='bbox 966 2818 1039 2884; x_wconf 80' lang='lat' dir='ltr'><strong>ius?</strong></span> <span class='ocrx_word' id='word_1_212' title='bbox 1067 2838 1170 2902; x_wconf 90' lang='lat' dir='ltr'><strong>usque</strong></span> <span class='ocrx_word' id='word_1_213' title='bbox 1197 2819 1301 2884; x_wconf 88' lang='lat' dir='ltr'><strong>adbuc</strong></span> <span class='ocrx_word' id='word_1_214' title='bbox 1328 2817 1481 2884; x_wconf 84' lang='lat' dir='ltr'><strong>creatoris</strong></span> 
     </span>
     <span class='ocr_line' id='line_1_25' title="bbox 331 2923 1481 3011; baseline 0.002 -25"><span class='ocrx_word' id='word_1_215' title='bbox 331 2923 383 2988; x_wconf 88' lang='lat' dir='ltr'><strong>est</strong></span> <span class='ocrx_word' id='word_1_216' title='bbox 404 2926 508 2989; x_wconf 87' lang='lat' dir='ltr'><strong>totum</strong></span> <span class='ocrx_word' id='word_1_217' title='bbox 533 2924 618 3006; x_wconf 86' lang='lat' dir='ltr'><strong>apud</strong></span> <span class='ocrx_word' id='word_1_218' title='bbox 640 2929 684 2990; x_wconf 89' lang='lat' dir='ltr'><strong>te.</strong></span> <span class='ocrx_word' id='word_1_219' title='bbox 698 2923 802 3008; x_wconf 86' lang='lat' dir='ltr'><strong>plane,</strong></span> <span class='ocrx_word' id='word_1_220' title='bbox 827 2924 856 2989; x_wconf 91' lang='lat' dir='ltr'><strong>si</strong></span> <span class='ocrx_word' id='word_1_221' title='bbox 878 2924 917 2989; x_wconf 88' lang='lat' dir='ltr'><strong>ab</strong></span> <span class='ocrx_word' id='word_1_222' title='bbox 940 2925 998 2991; x_wconf 92' lang='lat' dir='ltr'><strong>illo</strong></span> <span class='ocrx_word' id='word_1_223' title='bbox 1021 2927 1114 2991; x_wconf 89' lang='lat' dir='ltr'><strong>uenis</strong></span> <span class='ocrx_word' id='word_1_224' title='bbox 1137 2929 1170 2990; x_wconf 88' lang='lat' dir='ltr'><strong>et</strong></span> <span class='ocrx_word' id='word_1_225' title='bbox 1191 2925 1242 2991; x_wconf 92' lang='lat' dir='ltr'><strong>illi</strong></span> <span class='ocrx_word' id='word_1_226' title='bbox 1263 2926 1344 3011; x_wconf 85' lang='lat' dir='ltr'><strong>agis,</strong></span> <span class='ocrx_word' id='word_1_227' title='bbox 1367 2924 1481 2988; x_wconf 83' lang='lat' dir='ltr'><strong>admit·</strong></span> 
     </span>
     <span class='ocr_line' id='line_1_26' title="bbox 331 3029 1482 3115; baseline 0.001 -20"><span class='ocrx_word' id='word_1_228' title='bbox 331 3029 431 3096; x_wconf 84' lang='lat' dir='ltr'><strong>timna</strong></span> <span class='ocrx_word' id='word_1_229' title='bbox 448 3030 706 3113; x_wconf 86' lang='lat' dir='ltr'><strong>increpationem.</strong></span> <span class='ocrx_word' id='word_1_230' title='bbox 731 3031 759 3096; x_wconf 92' lang='lat' dir='ltr'><strong>si</strong></span> <span class='ocrx_word' id='word_1_231' title='bbox 783 3045 860 3096; x_wconf 89' lang='lat' dir='ltr'><strong>uero</strong></span> <span class='ocrx_word' id='word_1_232' title='bbox 882 3031 922 3096; x_wconf 93' lang='lat' dir='ltr'><strong>ab</strong></span> <span class='ocrx_word' id='word_1_233' title='bbox 947 3032 1021 3108; x_wconf 90' lang='lat' dir='ltr'><strong>alio,</strong></span> <span class='ocrx_word' id='word_1_234' title='bbox 1045 3032 1133 3099; x_wconf 84' lang='lat' dir='ltr'><strong>dicas</strong></span> <span class='ocrx_word' id='word_1_235' title='bbox 1155 3031 1269 3098; x_wconf 89' lang='lat' dir='ltr'><strong>uelim:</strong></span> <span class='ocrx_word' id='word_1_236' title='bbox 1293 3031 1482 3115; x_wconf 87' lang='lat' dir='ltr'><strong>quidnobis</strong></span> 
     </span>
     <span class='ocr_line' id='line_1_27' title="bbox 332 3137 1526 3220; baseline 0.002 -20"><span class='ocrx_word' id='word_1_237' title='bbox 332 3155 486 3219; x_wconf 90' lang='lat' dir='ltr'><strong>umquam</strong></span> <span class='ocrx_word' id='word_1_238' title='bbox 508 3137 548 3202; x_wconf 87' lang='lat' dir='ltr'><strong>de</strong></span> <span class='ocrx_word' id='word_1_239' title='bbox 580 3141 637 3202; x_wconf 93' lang='lat' dir='ltr'><strong>tuo</strong></span> <span class='ocrx_word' id='word_1_240' title='bbox 670 3137 873 3217; x_wconf 87' lang='lat' dir='ltr'><strong>commisisti,</strong></span> <span class='ocrx_word' id='word_1_241' title='bbox 906 3139 993 3220; x_wconf 84' lang='lat' dir='ltr'><strong>quod</strong></span> <span class='ocrx_word' id='word_1_242' title='bbox 1023 3139 1149 3205; x_wconf 88' lang='lat' dir='ltr'><strong>credere</strong></span> <span class='ocrx_word' id='word_1_243' title='bbox 1181 3139 1418 3216; x_wconf 86' lang='lat' dir='ltr'><strong>debuissemus,</strong></span> <span class='ocrx_word' id='word_1_244' title='bbox 1445 3141 1483 3202; x_wconf 89' lang='lat' dir='ltr'><strong>ut</strong></span> <span class='ocrx_word' id='word_1_245' title='bbox 1498 3155 1526 3196; x_wconf 69' lang='grc' dir='ltr'>ι</span> 
     </span>
     <span class='ocr_line' id='line_1_28' title="bbox 332 3243 1482 3330; baseline -0.003 -19"><span class='ocrx_word' id='word_1_246' title='bbox 332 3243 499 3324; x_wconf 82' lang='lat' dir='ltr'><strong>exprobres</strong></span> <span class='ocrx_word' id='word_1_247' title='bbox 529 3243 783 3310; x_wconf 84' lang='lat' dir='ltr'><strong>incredulitatem</strong></span> <span class='ocrx_word' id='word_1_248' title='bbox 817 3244 872 3327; x_wconf 90' lang='lat' dir='ltr'><strong>qui</strong></span> <span class='ocrx_word' id='word_1_249' title='bbox 901 3263 960 3311; x_wconf 91' lang='lat' dir='ltr'><strong>nec</strong></span> <span class='ocrx_word' id='word_1_250' title='bbox 991 3248 1024 3310; x_wconf 89' lang='lat' dir='ltr'><strong>te</strong></span> <span class='ocrx_word' id='word_1_251' title='bbox 1054 3245 1162 3330; x_wconf 88' lang='lat' dir='ltr'><strong>ipsum</strong></span> <span class='ocrx_word' id='word_1_252' title='bbox 1193 3245 1362 3328; x_wconf 86' lang='lat' dir='ltr'><strong>aliquando</strong></span> <span class='ocrx_word' id='word_1_253' title='bbox 1389 3243 1482 3310; x_wconf 88' lang='lat' dir='ltr'><strong>nobis</strong></span> 
     </span>
     <span class='ocr_line' id='line_1_29' title="bbox 332 3349 1481 3437; baseline 0.002 -25"><span class='ocrx_word' id='word_1_254' title='bbox 332 3349 505 3414; x_wconf 84' lang='lat' dir='ltr'><strong>renelasti?</strong></span> <span class='ocrx_word' id='word_1_255' title='bbox 529 3369 624 3434; x_wconf 92' lang='lat' dir='ltr'><strong>qnam</strong></span> <span class='ocrx_word' id='word_1_256' title='bbox 649 3350 724 3416; x_wconf 90' lang='lat' dir='ltr'><strong>olim</strong></span> <span class='ocrx_word' id='word_1_257' title='bbox 749 3350 834 3434; x_wconf 85' lang='lat' dir='ltr'><strong>apud</strong></span> <span class='ocrx_word' id='word_1_258' title='bbox 851 3369 910 3416; x_wconf 87' lang='lat' dir='ltr'><strong>nos</strong></span> <span class='ocrx_word' id='word_1_259' title='bbox 929 3371 1022 3435; x_wconf 88' lang='lat' dir='ltr'><strong>agere</strong></span> <span class='ocrx_word' id='word_1_260' title='bbox 1041 3353 1187 3437; x_wconf 89' lang='lat' dir='ltr'><strong>coepisti,</strong></span> <span class='ocrx_word' id='word_1_261' title='bbox 1205 3356 1245 3417; x_wconf 92' lang='lat' dir='ltr'><strong>ut</strong></span> <span class='ocrx_word' id='word_1_262' title='bbox 1261 3356 1388 3434; x_wconf 86' lang='lat' dir='ltr'><strong>tempus</strong></span> <span class='ocrx_word' id='word_1_263' title='bbox 1408 3369 1481 3433; x_wconf 86' lang='lat' dir='ltr'><strong>qua·</strong></span> 
     </span>
    </p>
   </div>
   <div class='ocr_carea' id='block_1_6' title="bbox 333 3519 1482 3686">
    <p class='ocr_par' dir='ltr' id='par_1_7' title="bbox 333 3519 1482 3686">
     <span class='ocr_line' id='line_1_30' title="bbox 424 3519 1481 3596; baseline 0.008 -23"><span class='ocrx_word' id='word_1_264' title='bbox 424 3519 450 3590; x_wconf 91' lang='grc'><strong>1]</strong></span> <span class='ocrx_word' id='word_1_265' title='bbox 461 3519 547 3576; x_wconf 82' lang='lat' dir='ltr'><strong>lllxod.</strong></span> <span class='ocrx_word' id='word_1_266' title='bbox 563 3522 606 3585; x_wconf 82' lang='lat'><strong>33,</strong></span> <span class='ocrx_word' id='word_1_267' title='bbox 622 3521 664 3576; x_wconf 89' lang='grc'><strong>19.</strong></span> <span class='ocrx_word' id='word_1_268' title='bbox 702 3523 731 3592; x_wconf 90' lang='grc'><strong>2]</strong></span> <span class='ocrx_word' id='word_1_269' title='bbox 747 3521 885 3586; x_wconf 67' lang='lat' dir='ltr'><strong>arouse,</strong></span> <span class='ocrx_word' id='word_1_270' title='bbox 896 3523 939 3578; x_wconf 81' lang='grc'><strong>23.</strong></span> <span class='ocrx_word' id='word_1_271' title='bbox 975 3525 1003 3594; x_wconf 84' lang='grc'><strong>6]</strong></span> <span class='ocrx_word' id='word_1_272' title='bbox 1017 3523 1099 3579; x_wconf 79' lang='lat' dir='ltr'><strong>Num.</strong></span> <span class='ocrx_word' id='word_1_273' title='bbox 1110 3523 1243 3590; x_wconf 76' lang='lat' dir='ltr'><strong>rac-8.</strong></span> <span class='ocrx_word' id='word_1_274' title='bbox 1282 3525 1481 3596; x_wconf 71' lang='lat' dir='ltr'><strong>ibici.Luo.9.</strong></span> 
     </span>
     <span class='ocr_line' id='line_1_31' title="bbox 333 3607 1482 3686; baseline 0.006 -23"><span class='ocrx_word' id='word_1_275' title='bbox 333 3607 448 3664; x_wconf 76' lang='lat'><strong>30-31.</strong></span> <span class='ocrx_word' id='word_1_276' title='bbox 496 3610 541 3680; x_wconf 95' lang='grc'><strong>12]</strong></span> <span class='ocrx_word' id='word_1_277' title='bbox 557 3609 620 3665; x_wconf 80' lang='lat' dir='ltr'><strong>Luc</strong></span> <span class='ocrx_word' id='word_1_278' title='bbox 636 3612 660 3680; x_wconf 87' lang='lat'><strong>9,</strong></span> <span class='ocrx_word' id='word_1_279' title='bbox 674 3611 718 3666; x_wconf 83' lang='lat'><strong>32.</strong></span> <span class='ocrx_word' id='word_1_280' title='bbox 767 3612 883 3682; x_wconf 79' lang='grc'>14-151</span> <span class='ocrx_word' id='word_1_281' title='bbox 898 3613 1089 3682; x_wconf 81' lang='lat' dir='ltr'><strong>cs.Exod.34,</strong></span> <span class='ocrx_word' id='word_1_282' title='bbox 1104 3613 1219 3671; x_wconf 74' lang='grc'>29-80.</span> <span class='ocrx_word' id='word_1_283' title='bbox 1262 3617 1305 3686; x_wconf 80' lang='lat'><strong>19]</strong></span> <span class='ocrx_word' id='word_1_284' title='bbox 1318 3615 1385 3671; x_wconf 79' lang='lat' dir='ltr'><strong>Luc.</strong></span> <span class='ocrx_word' id='word_1_285' title='bbox 1398 3618 1426 3683; x_wconf 79' lang='lat'><strong>9,</strong></span> <span class='ocrx_word' id='word_1_286' title='bbox 1438 3617 1482 3672; x_wconf 82' lang='lat'><strong>41.</strong></span> 
     </span>
    </p>
   </div>
   <div class='ocr_carea' id='block_1_7' title="bbox 333 3733 1487 4350">
    <p class='ocr_par' dir='ltr' id='par_1_8' title="bbox 333 3733 1487 4350">
     <span class='ocr_line' id='line_1_32' title="bbox 370 3733 1483 3811; baseline 0.008 -25"><span class='ocrx_word' id='word_1_287' title='bbox 370 3735 386 3786; x_wconf 90' lang='grc'>2</span> <span class='ocrx_word' id='word_1_288' title='bbox 405 3734 494 3803; x_wconf 87' lang='lat' dir='ltr'><strong>gloria</strong></span> <span class='ocrx_word' id='word_1_289' title='bbox 511 3750 572 3788; x_wconf 88' lang='lat' dir='ltr'><strong>mea</strong></span> <span class='ocrx_word' id='word_1_290' title='bbox 590 3735 633 3806; x_wconf 71' lang='grc' dir='ltr'><strong>(τῇ</strong></span> <span class='ocrx_word' id='word_1_291' title='bbox 654 3733 717 3808; x_wconf 70' lang='grc' dir='ltr'><strong>δόξῃ</strong></span> <span class='ocrx_word' id='word_1_292' title='bbox 738 3735 800 3809; x_wconf 80' lang='lat' dir='ltr'><strong>pcc)</strong></span> <span class='ocrx_word' id='word_1_293' title='bbox 818 3737 888 3807; x_wconf 71' lang='lat' dir='ltr'><strong>MP,</strong></span> <span class='ocrx_word' id='word_1_294' title='bbox 909 3739 978 3808; x_wconf 77' lang='lat' dir='ltr'><strong>(iu)</strong></span> <span class='ocrx_word' id='word_1_295' title='bbox 995 3738 1085 3808; x_wconf 86' lang='lat' dir='ltr'><strong>gloria</strong></span> <span class='ocrx_word' id='word_1_296' title='bbox 1101 3737 1220 3810; x_wconf 80' lang='lat' dir='ltr'><strong>Ruulpb</strong></span> <span class='ocrx_word' id='word_1_297' title='bbox 1280 3741 1296 3793; x_wconf 87' lang='lat'>5</span> <span class='ocrx_word' id='word_1_298' title='bbox 1315 3741 1483 3811; x_wconf 80' lang='lat' dir='ltr'><strong>repromittit</strong></span> 
     </span>
     <span class='ocr_line' id='line_1_33' title="bbox 334 3821 1482 3899; baseline 0.008 -23"><span class='ocrx_word' id='word_1_299' title='bbox 334 3821 408 3876; x_wconf 79' lang='lat' dir='ltr'><strong>Pom</strong></span> <span class='ocrx_word' id='word_1_300' title='bbox 447 3823 593 3878; x_wconf 74' lang='lat' dir='ltr'><strong>baronem</strong></span> <span class='ocrx_word' id='word_1_301' title='bbox 611 3823 649 3877; x_wconf 83' lang='lat' dir='ltr'><strong><em>M</em></strong></span> <span class='ocrx_word' id='word_1_302' title='bbox 687 3825 856 3880; x_wconf 75' lang='lat' dir='ltr'><strong>tuicionem</strong></span> <span class='ocrx_word' id='word_1_303' title='bbox 872 3825 914 3882; x_wconf 72' lang='grc'><strong>111</strong></span> <span class='ocrx_word' id='word_1_304' title='bbox 971 3827 1068 3897; x_wconf 89' lang='lat' dir='ltr'><strong>loquar</strong></span> <span class='ocrx_word' id='word_1_305' title='bbox 1085 3827 1120 3893; x_wconf 83' lang='lat' dir='ltr'><strong>B,</strong></span> <span class='ocrx_word' id='word_1_306' title='bbox 1137 3829 1236 3899; x_wconf 90' lang='lat' dir='ltr'><strong>loquor</strong></span> <span class='ocrx_word' id='word_1_307' title='bbox 1251 3828 1291 3884; x_wconf 82' lang='grc' dir='ltr'>Μ</span> <span class='ocrx_word' id='word_1_308' title='bbox 1331 3829 1404 3886; x_wconf 76' lang='lat' dir='ltr'><strong>sul</strong></span> <span class='ocrx_word' id='word_1_309' title='bbox 1422 3847 1482 3885; x_wconf 88' lang='lat' dir='ltr'><strong>enm</strong></span> 
     </span>
     <span class='ocr_line' id='line_1_34' title="bbox 334 3909 1485 3990; baseline 0.009 -25"><span class='ocrx_word' id='word_1_310' title='bbox 334 3925 385 3970; x_wconf 84' lang='lat' dir='ltr'><strong>em,</strong></span> <span class='ocrx_word' id='word_1_311' title='bbox 404 3909 447 3966; x_wconf 57' lang='grc' dir='ltr'><strong>111Ὶ</strong></span> <span class='ocrx_word' id='word_1_312' title='bbox 529 3914 660 3982; x_wconf 73' lang='lat' dir='ltr'><strong>tutique</strong></span> <span class='ocrx_word' id='word_1_313' title='bbox 679 3913 933 3984; x_wconf 65' lang='lat' dir='ltr'><strong>13³,itsquer11e1</strong></span> <span class='ocrx_word' id='word_1_314' title='bbox 1015 3917 1049 3972; x_wconf 85' lang='lat'><strong>12</strong></span> <span class='ocrx_word' id='word_1_315' title='bbox 1062 3917 1404 3986; x_wconf 72' lang='lat' dir='ltr'><strong>pcmrteeteinatccuto</strong></span> <span class='ocrx_word' id='word_1_316' title='bbox 1420 3921 1485 3990; x_wconf 68' lang='lat' dir='ltr'><strong>Eup</strong></span> 
     </span>
     <span class='ocr_line' id='line_1_35' title="bbox 337 3999 1484 4078; baseline 0.006 -23"><span class='ocrx_word' id='word_1_317' title='bbox 337 4001 369 4055; x_wconf 86' lang='lat'><strong>13</strong></span> <span class='ocrx_word' id='word_1_318' title='bbox 388 3999 476 4070; x_wconf 89' lang='lat' dir='ltr'><strong>gloria</strong></span> <span class='ocrx_word' id='word_1_319' title='bbox 493 4003 607 4071; x_wconf 68' lang='lat' dir='ltr'><strong>empsit</strong></span> <span class='ocrx_word' id='word_1_320' title='bbox 622 4002 738 4073; x_wconf 89' lang='lat' dir='ltr'><strong>gloriam</strong></span> <span class='ocrx_word' id='word_1_321' title='bbox 756 4003 820 4060; x_wconf 85' lang='lat' dir='ltr'><strong>MR</strong></span> <span class='ocrx_word' id='word_1_322' title='bbox 877 4010 1052 4076; x_wconf 87' lang='lat' dir='ltr'><strong>conspectum</strong></span> <span class='ocrx_word' id='word_1_323' title='bbox 1069 4007 1143 4061; x_wconf 82' lang='lat' dir='ltr'><strong>Pura</strong></span> <span class='ocrx_word' id='word_1_324' title='bbox 1188 4007 1222 4062; x_wconf 83' lang='lat' dir='ltr'><strong>lt</strong></span> <span class='ocrx_word' id='word_1_325' title='bbox 1239 4009 1396 4078; x_wconf 80' lang='lat' dir='ltr'><strong>percutiens</strong></span> <span class='ocrx_word' id='word_1_326' title='bbox 1416 4008 1484 4064; x_wconf 82' lang='lat' dir='ltr'><strong>Ure:</strong></span> 
     </span>
     <span class='ocr_line' id='line_1_36' title="bbox 334 4090 1484 4162; baseline 0.007 -19"><span class='ocrx_word' id='word_1_327' title='bbox 334 4093 475 4158; x_wconf 84' lang='lat' dir='ltr'><strong>percutere</strong></span> <span class='ocrx_word' id='word_1_328' title='bbox 492 4090 557 4146; x_wconf 82' lang='lat' dir='ltr'><strong>MR</strong></span> <span class='ocrx_word' id='word_1_329' title='bbox 623 4092 659 4146; x_wconf 84' lang='lat'><strong>20</strong></span> <span class='ocrx_word' id='word_1_330' title='bbox 678 4108 819 4162; x_wconf 86' lang='lat' dir='ltr'><strong>quousque</strong></span> <span class='ocrx_word' id='word_1_331' title='bbox 836 4095 979 4150; x_wconf 90' lang='lat' dir='ltr'><strong>sustinebo</strong></span> <span class='ocrx_word' id='word_1_332' title='bbox 997 4111 1048 4149; x_wconf 91' lang='lat' dir='ltr'><strong>uos</strong></span> <span class='ocrx_word' id='word_1_333' title='bbox 1065 4111 1118 4151; x_wconf 80' lang='lat' dir='ltr'><strong>oras.</strong></span> <span class='ocrx_word' id='word_1_334' title='bbox 1136 4095 1177 4153; x_wconf 81' lang='lat' dir='ltr'><strong>R²</strong></span> <span class='ocrx_word' id='word_1_335' title='bbox 1247 4096 1282 4151; x_wconf 83' lang='lat'><strong>21</strong></span> <span class='ocrx_word' id='word_1_336' title='bbox 1302 4113 1318 4150; x_wconf 94' lang='lat' dir='ltr'><strong>o</strong></span> <span class='ocrx_word' id='word_1_337' title='bbox 1338 4113 1484 4152; x_wconf 83' lang='lat' dir='ltr'><strong>oeconomo</strong></span> 
     </span>
     <span class='ocr_line' id='line_1_37' title="bbox 333 4178 1484 4258; baseline 0.008 -28"><span class='ocrx_word' id='word_1_338' title='bbox 333 4178 432 4247; x_wconf 79' lang='lat' dir='ltr'><strong>reripes&#39;</strong></span> <span class='ocrx_word' id='word_1_339' title='bbox 450 4181 497 4248; x_wconf 87' lang='lat' dir='ltr'><strong>(cs.</strong></span> <span class='ocrx_word' id='word_1_340' title='bbox 511 4179 580 4236; x_wconf 83' lang='lat' dir='ltr'><strong>Luc.</strong></span> <span class='ocrx_word' id='word_1_341' title='bbox 595 4183 640 4249; x_wconf 84' lang='lat'><strong>12,</strong></span> <span class='ocrx_word' id='word_1_342' title='bbox 655 4184 718 4248; x_wconf 77' lang='lat'><strong>24):</strong></span> <span class='ocrx_word' id='word_1_343' title='bbox 734 4199 749 4236; x_wconf 91' lang='lat' dir='ltr'><strong>o</strong></span> <span class='ocrx_word' id='word_1_344' title='bbox 765 4181 914 4254; x_wconf 74' lang='lat' dir='ltr'><strong>echonomo</strong></span> <span class='ocrx_word' id='word_1_345' title='bbox 927 4182 970 4252; x_wconf 79' lang='lat' dir='ltr'><strong>M,</strong></span> <span class='ocrx_word' id='word_1_346' title='bbox 988 4185 1182 4254; x_wconf 84' lang='lat' dir='ltr'><strong>eperchomene</strong></span> <span class='ocrx_word' id='word_1_347' title='bbox 1195 4185 1231 4249; x_wconf 81' lang='lat' dir='ltr'><strong>F,</strong></span> <span class='ocrx_word' id='word_1_348' title='bbox 1251 4203 1267 4238; x_wconf 95' lang='lat' dir='ltr'><strong>o</strong></span> <span class='ocrx_word' id='word_1_349' title='bbox 1285 4183 1442 4258; x_wconf 66' lang='grc' dir='ltr'><strong>ἐπερχόμενα</strong></span> <span class='ocrx_word' id='word_1_350' title='bbox 1455 4185 1484 4240; x_wconf 84' lang='lat' dir='ltr'><em>B</em></span> 
     </span>
     <span class='ocr_line' id='line_1_38' title="bbox 335 4267 1487 4350; baseline 0.008 -29"><span class='ocrx_word' id='word_1_351' title='bbox 335 4267 419 4336; x_wconf 64' lang='lat' dir='ltr'><strong>eope</strong></span> <span class='ocrx_word' id='word_1_352' title='bbox 491 4269 539 4338; x_wconf 90' lang='lat' dir='ltr'><strong>qui</strong></span> <span class='ocrx_word' id='word_1_353' title='bbox 558 4269 601 4337; x_wconf 83' lang='lat' dir='ltr'><strong>M,</strong></span> <span class='ocrx_word' id='word_1_354' title='bbox 621 4273 681 4341; x_wconf 89' lang='lat' dir='ltr'><strong>quie</strong></span> <span class='ocrx_word' id='word_1_355' title='bbox 700 4270 846 4350; x_wconf 24' lang='lat' dir='ltr'><strong>Rubigo·</strong></span> <span class='ocrx_word' id='word_1_356' title='bbox 881 4273 917 4327; x_wconf 81' lang='grc'><strong>23</strong></span> <span class='ocrx_word' id='word_1_357' title='bbox 936 4273 1008 4344; x_wconf 81' lang='lat' dir='ltr'><strong>apud</strong></span> <span class='ocrx_word' id='word_1_358' title='bbox 1026 4277 1056 4330; x_wconf 90' lang='lat' dir='ltr'><strong>te</strong></span> <span class='ocrx_word' id='word_1_359' title='bbox 1074 4291 1127 4330; x_wconf 81' lang='lat' dir='ltr'><strong>one.</strong></span> <span class='ocrx_word' id='word_1_360' title='bbox 1145 4274 1185 4330; x_wconf 75' lang='lat'><strong>12¹</strong></span> <span class='ocrx_word' id='word_1_361' title='bbox 1245 4277 1281 4330; x_wconf 89' lang='grc'><strong>26</strong></span> <span class='ocrx_word' id='word_1_362' title='bbox 1300 4275 1432 4345; x_wconf 81' lang='lat' dir='ltr'><strong>exprobee</strong></span> <span class='ocrx_word' id='word_1_363' title='bbox 1449 4275 1487 4332; x_wconf 73' lang='grc' dir='ltr'><em>Π</em></span> 
     </span>
    </p>
   </div>
   <div class='ocr_carea' id='block_1_8' title="bbox 0 0 1636 4959">
    <p class='ocr_par' dir='ltr' id='par_1_9' title="bbox 0 0 1636 4959">
     <span class='ocr_line' id='line_1_39' title="bbox 0 0 1636 4959; baseline 0 0"><span class='ocrx_word' id='word_1_364' title='bbox 0 0 1636 4959; x_wconf 95' lang='lat' dir='ltr'><strong> </strong></span> 
     </span>
    </p>
   </div>
  </div>
 </body>
</html>
