3250 4959
331 431 396 495 282
558 427 676 493 Quinti
695 427 837 498 Septimi
855 427 1026 483 Florentis
1045 428 1248 482 Tertulliani

330 622 556 690 -deChristc
567 624 651 688 euim
662 624 866 689 differo—et
876 625 953 690 adeo
964 625 1479 709 salucestutriusqueprcprietus

330 731 538 807 substantiae,
562 737 601 795 ut
623 735 657 795 et
679 731 812 813 spiritus
836 751 887 796 res
911 751 986 796 sues
1010 731 1112 815 egerit
1134 713 1166 797 iri
1188 732 1255 810 illc,
1284 731 1319 797 id
1342 737 1397 797 est
1420 730 1479 795 uir-

329 841 416 902 tutes
445 841 479 902 et
505 856 601 920 opere
628 841 661 902 et
689 838 789 921 sigua,
824 841 856 902 et
885 856 955 902 caro
983 839 1147 922 passiones
1175 857 1251 903 suas
1279 838 1394 903 iuncta
1428 837 1478 902 sit.

329 944 471 1009 esuriens
500 944 559 1009 sub
588 943 725 1022 diaholo,
759 944 871 1009 sitiens
899 945 958 1009 sub
988 943 1177 1010 Samaritide
1204 945 1283 1010 flens
1311 945 1477 1010 Lazarum.

329 1050 419 1114 auria
449 1069 553 1133 usque
586 1050 624 1113 ed
656 1053 803 1129 mortem,
842 1050 976 1133 denique
1014 1054 1046 1115 et
1078 1055 1203 1116 mortue
1240 1047 1323 1138 [estl.
1362 1050 1514 1134 quodsis
1594 1105 1595 1134 ,

328 1158 458 1221 tertium
487 1157 563 1240 quid
592 1161 687 1236 esset,
716 1176 751 1221 ex
778 1162 915 1240 utroque
943 1157 1122 1235 confusum,
1154 1163 1191 1222 ut
1219 1158 1386 1236 electrum,
1418 1175 1475 1220 nun

328 1269 394 1328 tem
418 1263 569 1329 distincta
597 1263 788 1328 documenta
815 1266 961 1346 parerent
988 1264 1154 1347 utriusque
1183 1264 1393 1342 substantiae,
1423 1263 1477 1328 sed

328 1375 361 1436 et
383 1371 515 1453 spiritus
540 1371 676 1435 carnalia
704 1374 737 1436 et
764 1389 836 1436 caro
861 1371 1018 1454 spiritalia
1046 1371 1168 1455 egisset
1195 1390 1230 1436 ex
1257 1371 1476 1438 translatione.

328 1481 383 1541 aut
406 1496 508 1558 neque
528 1476 664 1540 carnalis
682 1495 783 1559 neque
802 1476 969 1558 spiritalis,
994 1476 1051 1541 sed
1069 1477 1181 1542 terties
1200 1476 1338 1542 alicuius
1357 1477 1476 1542 formae

328 1604 363 1648 ex
383 1584 575 1648 confusione.
598 1583 696 1648 immo
716 1587 771 1647 aut
790 1603 893 1648 sermo
913 1589 1059 1649 mortuus
1079 1587 1166 1649 esset
1184 1586 1240 1647 aut
1259 1601 1331 1648 cero
1350 1589 1475 1648 mortus
1492 1605 1512 1643 u

327 1708 387 1754 nou
411 1694 507 1767 esset,
531 1690 559 1754 si
583 1709 685 1754 sermo
705 1709 878 1756 conuersus
899 1697 986 1756 essct
1003 1691 1034 1755 in
1055 1709 1194 1766 caruem
1219 1694 1275 1755 eut
1298 1691 1473 1755 cumcuim

325 1797 517 1861 immortalis
545 1796 661 1861 luisset
689 1800 745 1861 aut
771 1815 875 1862 sermo
900 1797 1054 1862 mortalis.
1084 1797 1140 1861 sed
1171 1797 1247 1878 quia
1274 1797 1472 1862 substantiae

327 1903 438 1967 ambae
465 1903 497 1966 iu
526 1905 612 1967 stetu
641 1922 699 1967 suc
729 1922 874 1985 quaeque
898 1903 1047 1968 distincte
1076 1904 1221 1989 egebant,
1248 1903 1321 1969 idec
1346 1903 1413 1967 illis
1442 1908 1473 1965 et

326 2028 440 2093 operae
464 2014 496 2073 et
519 2010 621 2074 exitus
646 2010 697 2074 sui
722 2014 935 2074 occurrerunt.
965 2009 1052 2074 disce
1075 2009 1174 2094 igitur
1201 2028 1273 2074 cum
1298 2009 1471 2075 Nicodemc

328 2118 403 2198 quis
426 2117 533 2198 quod
555 2117 592 2180 in
618 2135 737 2182 carue
765 2120 902 2180 uatum
932 2120 997 2181 cst
1021 2135 1110 2181 caro
1136 2121 1201 2181 est
1228 2125 1268 2180 et
1297 2115 1399 2199 quod
1426 2116 1508 2178 ders

326 2222 480 2305 spiritu
500 2224 678 2306 spiritus
697 2226 770 2288 est.
791 2242 894 2306 neque
915 2243 986 2288 carc
1006 2216 1138 2306 spiritus
1157 2223 1194 2287 fit
1217 2243 1319 2305 neque
1339 2221 1468 2304 spiritus

326 2347 408 2395 caro.
437 2329 469 2392 iu
498 2348 561 2394 uuc
590 2329 682 2412 plene
710 2348 782 2394 esse
809 2333 955 2412 possunt.
989 2349 1024 2393 er
1052 2329 1102 2393 his
1130 2329 1222 2394 lesus
1251 2328 1406 2405 constitit,
1434 2345 1468 2390 ex

325 2454 418 2500 cerne
441 2435 548 2514 homo,
572 2435 745 2518 suspiritu
770 2436 860 2500 deus.
885 2455 978 2519 quem
1004 2440 1080 2500 tuuc
1104 2437 1237 2520 augelus
1261 2439 1469 2518 exceperis,

325 2560 388 2623 qua
410 2542 542 2623 spiritus
566 2546 643 2620 erat,
667 2541 717 2606 dei
736 2541 837 2606 filium
857 2542 1085 2625 pronuntiauit.
1110 2561 1241 2607 seruans
1261 2542 1347 2607 cerni
1368 2539 1468 2604 filium

324 2647 461 2711 hominis
486 2647 556 2712 dici.
581 2647 627 2712 sic
651 2652 683 2711 et
706 2649 871 2731 apostolus
893 2667 974 2727 eum,
998 2648 1048 2712 dei
1069 2651 1101 2711 et
1123 2648 1288 2713 homiuum
1308 2647 1465 2731 appellum
1482 2673 1504 2712 μ

324 2758 529 2834 sequestrem,
554 2754 721 2837 utriusque
745 2754 945 2819 substantiae
969 2753 1176 2820 confirmauit
1199 2755 1386 2820 nouissime:
1415 2752 1466 2834 qui

322 2858 425 2922 filium
449 2860 501 2923 dei
524 2879 648 2924 caruem
672 2860 901 2942 interpretaris,
926 2859 1048 2938 exhibe,
1069 2862 1123 2942 qui
1142 2860 1186 2925 sit
1208 2859 1294 2925 filius
1320 2859 1464 2925 hominis.

324 2969 380 3029 aut
407 2966 562 3048 numquid
590 2967 723 3049 spiritus
752 2967 834 3030 erit?
868 2967 925 3032 sed
953 2967 1103 3048 spiritum
1134 2970 1255 3050 putrem
1284 2968 1390 3050 ipsum
1417 2965 1464 3030 uis

323 3071 441 3151 heberi,
467 3074 540 3156 quia
563 3073 640 3138 deus
664 3073 808 3155 spiritus,
833 3075 925 3156 quasi
948 3093 1008 3138 uon
1033 3079 1065 3138 et
1088 3075 1139 3138 dei
1163 3073 1307 3155 spiritus,
1331 3074 1414 3138 sicut
1436 3077 1465 3134 et

323 3197 427 3243 sermo
452 3179 531 3243 deus
555 3183 587 3244 et
611 3180 660 3243 dei
684 3199 797 3245 sermo.
1478 3203 1502 3244 ss

368 3288 419 3350 28.
450 3287 543 3350 Nunc
576 3286 614 3351 de
648 3286 785 3351 Christo.
817 3286 895 3351 facis
928 3291 1061 3370 patrem,
1095 3287 1296 3355 stultissime,
1327 3286 1380 3368 qui
1411 3301 1463 3348 nec
1594 3271 1595 3278 '

413 3425 532 3496 15]10u.
553 3425 579 3493 3,
598 3426 623 3480 6.
680 3427 725 3494 18]
746 3426 779 3479 cl.
799 3426 863 3480 Luc.
885 3429 911 3494 l,
930 3427 973 3482 35.
1029 3427 1076 3497 20]
1097 3427 1129 3480 cf.
1150 3427 1162 3480 l
1181 3425 1249 3480 Tim.
1269 3427 1295 3486 2,
1316 3429 1341 3480 5.

359 3534 371 3585 l
393 3532 464 3585 euim
482 3533 592 3600 scripsi:
611 3536 701 3586 autem
722 3532 812 3585 PMF
863 3534 881 3586 4
900 3534 995 3587 sitiens
1013 3534 1047 3600 P,
1066 3534 1162 3586 sitiens
1180 3515 1223 3586 slis
1242 3536 1287 3600 (=
1303 3532 1392 3596 Iesum)
1407 3527 1465 3581 ΜΓ

321 3623 337 3674 5
358 3624 400 3674 est
412 3622 511 3675 seclusi
565 3623 581 3675 6
596 3622 724 3675 electrum
740 3621 809 3688 PM,
823 3622 917 3675 electri
931 3621 966 3689 F,
981 3629 1011 3675 ut
1026 3622 1204 3689 electrum<ex
1218 3637 1283 3673 auro
1299 3620 1464 3688 cumgente>

320 3711 396 3777 fort,
414 3711 471 3762 nim
489 3710 600 3763 omnino
614 3711 740 3777 spurium
753 3717 792 3764 eet
847 3711 863 3763 9
878 3715 927 3763 eut
944 3709 1011 3764 Urs:
1027 3714 1057 3763 ut
1070 3708 1161 3763 PMF
1215 3711 1247 3763 13
1262 3709 1391 3762 distincte
1404 3703 1461 3770 Fls,

321 3797 466 3851 distinctae
479 3797 543 3850 ΡΜ
596 3797 630 3851 20
644 3813 704 3851 eum
718 3798 830 3865 smirci:
844 3798 924 3851 etiam
935 3796 1026 3851 PMF
1040 3797 1085 3862 (cf.
1101 3797 1197 3851 derce.
1212 3812 1290 3850 carn.
1305 3813 1327 3850 c.
1346 3800 1383 3850 63
1396 3793 1459 3846 init.)

320 3888 355 3941 24
375 3887 601 3955 qussi-spiritus
620 3903 671 3940 mn.
690 3884 721 3937 F
771 3887 806 3939 26
825 3887 895 3940 miro
914 3887 1033 3954 quodam
1053 3903 1120 3940 casu
1138 3901 1220 3938 uersis
1238 3885 1307 3938 ordo
1325 3885 1461 3938 uerborum

320 3975 364 4028 liic
378 3975 508 4028 turbatus
521 3981 573 4028 eet:
586 3975 673 4028 uerba
688 3975 803 4029 nuucdc
819 3974 926 4030 Christo
943 3978 988 4044 (cs.
1004 3991 1092 4042 supra
1107 3976 1123 4029 l.
1138 3979 1172 4035 1),
1187 3974 1301 4043 quaein
1316 3973 1393 4026 libris
1406 3985 1459 4024 mss.

318 4063 399 4130 infra
418 4067 487 4130 283,
510 4068 527 4116 7
535 4069 601 4132 post
619 4073 722 4132 putrem
738 4063 861 4116 crederes
877 4064 1010 4132 lequinius,
1030 4065 1185 4117 necessario
1204 4062 1356 4116 lucerent
1375 4067 1459 4113 trane·

319 4153 443 4219 serenda.
459 4170 515 4220 pro
533 4154 572 4207 eis
589 4153 635 4206 hic
649 4153 791 4222 iequntm:
809 4155 902 4222 itaque
918 4151 1064 4216 Christum,
1084 4169 1133 4207 nec
1150 4153 1213 4220 ipsa
1226 4167 1278 4205 suo
1292 4151 1358 4204 leco.
1373 4146 1457 4202 hiulca

320 4248 411 4294 amem
429 4242 567 4295 enitentia
581 4247 619 4295 eet
636 4242 717 4309 infra
732 4243 801 4306 283,
820 4241 900 4294 lubi
914 4241 1048 4309 praebent
1068 4241 1133 4293 libri
1146 4257 1219 4294 mess
1235 4255 1316 4308 quum
1331 4237 1456 4295 calciatus,

319 4330 445 4384 accidens
455 4331 558 4383 nomini
573 4347 623 4384 res.
638 4347 708 4398 quae
722 4331 834 4384 desum:
847 4331 940 4398 itaque
956 4331 1078 4384 Christus
1094 4330 1126 4383 ob
1142 4347 1200 4382 eam
1213 4345 1270 4382 rem
1282 4329 1351 4382 illuc
1363 4321 1457 4379 inserui
