3250 4959
382 405 443 462 vll.
462 405 632 463 Aduersus
650 405 850 462 Marcionem
867 405 916 462 lib.
934 405 993 463 1111
1013 407 1127 464 lte-le.
1276 413 1338 478 481

186 602 288 669 deret:
308 603 432 669 filiae
450 603 489 669 in
505 621 584 683 ene,
600 602 740 668 audite
755 620 964 670 sermones
978 603 1340 688 <meos.>dieianui

187 711 435 776 mementote
459 727 546 775 eum
568 709 711 775 labore
733 710 774 774 in
797 727 883 793 ιρις
920 727 995 776 oum
1014 710 1131 777 -labore
1160 711 1244 778 euim
1270 729 1343 795 pro·

188 816 404 900 sequebantur
426 821 461 883 et
483 817 523 882 ob
548 835 637 900 spem
660 815 894 883 ministrabant.
983 817 1094 900 Aeque
1117 817 1156 882 de
1177 817 1339 902 parabolis

187 923 289 987 semel
311 922 451 990 suffieiat
477 923 647 1006 probatum
665 922 726 988 boa
749 939 852 1006 ganne
871 920 991 1006 eloquii
1009 939 1028 988 a
1046 925 1187 989 ereatura
1209 924 1343 1009 promis·

151 1047 167 1088 a
187 1046 270 1094 snm.
291 1033 327 1094 at
348 1047 431 1095 nuno
449 1029 509 1096 illa
524 1046 651 1114 quoque
670 1029 887 1113 pronuntiatio
907 1029 978 1094 eius
997 1029 1036 1094 ad
1054 1029 1229 1114 populumz
1247 1047 1342 1095 aure
1380 1055 1386 1066 ¹

188 1135 371 1202 audietis
396 1140 435 1202 et
456 1155 532 1204 uon
554 1136 742 1202 audietis
765 1135 855 1201 dedit
877 1134 1004 1203 (ibristo
1028 1136 1211 1220 frequenter
1238 1137 1343 1202 inaul-

189 1261 275 1310 oere:
299 1244 370 1327 qui
393 1243 517 1310 babet
539 1263 663 1309 aures
693 1242 845 1323 audiat,
874 1261 937 1308 uon
967 1244 1060 1327 quusi
1089 1261 1125 1310 er
1155 1243 1343 1310 diuemitota

191 1347 338 1415 anditum
369 1349 571 1432 permitteret
603 1348 762 1429 Christus,
797 1367 892 1432 quem
920 1349 1095 1416 ademisset
1122 1353 1255 1430 mentor,
1289 1351 1346 1416 sed

189 1456 265 1538 quin
278 1457 556 1523 comminationem
571 1453 746 1522 exhortatio
762 1458 964 1539 sequebatur.
979 1452 1109 1544 [primur
1124 1474 1222 1522 auro
1237 1475 1284 1522 au
1293 1457 1346 1522 di·

145 1582 173 1624 ιο
192 1563 272 1630 atis
296 1565 428 1630 utnon
446 1562 639 1642 audietis,
660 1563 788 1628 debino:
809 1564 881 1646 qui
898 1563 1020 1628 babet
1038 1581 1154 1630 aures
1172 1561 1345 1651 audiet]

190 1687 251 1734 uon
273 1671 359 1735 enim
383 1670 553 1736 audiebant
575 1671 660 1736 ultro
681 1670 735 1753 qui
754 1689 847 1735 aures
865 1671 1034 1749 habebant,
1053 1670 1112 1736 sed
1134 1669 1347 1736 ostendebant

191 1795 283 1842 aures
301 1777 407 1842 sordis
428 1777 634 1855 necessarius,
655 1777 771 1860 quibus
789 1777 864 1843 illos
882 1776 1049 1842 audituros
1064 1782 1196 1862 negarat
1210 1779 1346 1855 creator,

193 1884 227 1949 et
247 1882 318 1949 iden
342 1902 399 1966 per
421 1881 584 1950 Christum
609 1882 724 1948 adioit:
747 1882 900 1962 uidete,
923 1883 1127 1968 quomedo
1147 1883 1347 1963 audiatis,

191 1988 312 2056 idest:
341 2009 381 2054 ns
410 2007 484 2055 aure
512 1988 650 2055 audiatis
680 1993 713 2054 et
740 2007 802 2054 nou
832 1989 980 2070 audiatis,
1008 2007 1072 2056 non
1100 1989 1194 2056 eorde
1222 1990 1349 2056 seilicet

147 2095 371 2174 uendentes,
396 2096 453 2161 sed
476 2115 560 2162 aure.
584 2095 612 2161 si
636 2095 768 2180 dignum
793 2114 924 2162 sensum
947 2097 1198 2182 pronuntiationi
1225 2113 1348 2162 aooom·

194 2201 307 2268 modes
329 2221 385 2285 pro
410 2221 508 2270 sensu
532 2203 613 2282 eius,
638 2203 693 2287 qui
717 2201 844 2268 auditui
868 2202 1055 2282 suscitabat,
1075 2202 1173 2268 etiam
1197 2201 1346 2269 dicende:

195 2308 348 2388 uidete,
372 2308 567 2392 quomodo
592 2307 777 2374 audiatis
801 2328 863 2375 non
886 2309 1044 2375 audituris
1063 2310 1253 2375 minabatur.
1274 2327 1349 2374 sune

195 2434 258 2480 neu
281 2418 420 2482 minatur
442 2415 634 2481 mitissimus
659 2416 748 2495 deus,
774 2415 931 2497 quianon
957 2415 1081 2482 iudioat
1107 2433 1166 2482 neo
1191 2416 1349 2482 iraseitur.

195 2523 258 2588 boo
276 2524 390 2607 probat
408 2524 503 2588 etiem
523 2522 690 2588 subiacens
710 2542 842 2589 sensus:
862 2524 909 2602 ei,
928 2523 996 2606 qui
1015 2521 1149 2602 habet,
1170 2521 1350 2601 dabitur,

148 2653 180 2694 ao
198 2631 244 2694 ab
268 2634 483 2710 uouentem,
505 2631 572 2714 qni
595 2649 671 2694 non
695 2631 830 2708 hebet,
854 2632 977 2695 etiam
1002 2631 1110 2713 qnod
1135 2629 1286 2695 habere
1310 2647 1351 2696 se

199 2741 317 2819 putat
338 2738 554 2803 auferetur
577 2737 626 2801 ei.
650 2737 726 2819 quid
750 2736 901 2802 dabitur?
925 2738 1061 2802 adiectio
1085 2736 1160 2801 iidei
1183 2737 1238 2801 uel
1260 2736 1352 2800 inteb

199 2842 304 2908 lentus
327 2843 381 2908 uel
404 2843 491 2908 salus
514 2843 596 2926 ipsa.
620 2842 696 2926 quid
720 2844 905 2908 auferetur?
927 2841 1041 2926 utique
1063 2842 1149 2926 quud
1173 2842 1309 2908 dabitur.
1334 2859 1354 2906 a

200 2967 261 3030 quo
300 2948 427 3014 dabitur
462 2950 644 3014 auferetur?
684 2949 712 3014 si
743 2967 762 3013 ι
795 2951 935 3015 creatore
972 2950 1144 3028 auferetur,
1175 2949 1216 3014 ab
1249 2967 1287 3014 eo
1319 2953 1354 3013 at

200 3055 341 3133 dabitnr3
366 3055 396 3120 si
419 3075 437 3120 a
462 3055 520 3120 deo
544 3053 717 3120 Marcionis
741 3053 878 3133 debitur,
902 3056 942 3119 ab
966 3074 1003 3120 eo
1027 3060 1060 3119 et
1082 3053 1252 3122 auferetur.
1276 3075 1353 3138 quo·

153 3185 183 3226 ae
201 3180 263 3244 quo
287 3164 393 3226 tamen
417 3162 543 3226 nomine
567 3161 779 3226 comminatur
794 3163 1005 3240 ablutionem,
1030 3181 1091 3226 non
1114 3161 1175 3226 erit
1198 3162 1266 3227 eius
1291 3161 1352 3238 dei,

197 3269 257 3351 qui
278 3269 381 3333 nescit
406 3268 600 3345 comminari,
625 3269 680 3352 qui
703 3287 764 3334 non
789 3269 881 3334 nouit
901 3269 1004 3334 iuraui.
1028 3269 1125 3334 miror
1143 3272 1261 3350 ouum,
1279 3285 1353 3333 oum

199 3373 362 3440 iuoernarn
386 3379 482 3459 negat
504 3375 655 3440 abscondi
678 3377 780 3441 solere
804 3375 860 3459 qui
883 3393 919 3441 se
946 3380 1036 3441 tanto
1066 3377 1195 3441 saeculo
1224 3377 1353 3446 absonu-

202 3479 300 3558 derat,
324 3481 428 3546 maius
452 3484 485 3546 et
506 3481 703 3547 necessarius
727 3481 847 3560 lumen,
872 3499 944 3547 aum
968 3482 1076 3547 omnia
1099 3482 1138 3547 de
1167 3483 1293 3547 oooulto
1321 3482 1354 3545 in
1458 3487 1461 3492 '

200 3647 204 3652 ’
295 3657 321 3726 1]
341 3655 388 3710 ss.
408 3657 568 3719 sue-10.
632 3658 662 3725 4]
682 3657 716 3711 cf.
736 3657 779 3714 Pe.
799 3659 844 3725 48,
864 3659 943 3712 4-5.
1004 3660 1032 3728 5]
1051 3658 1140 3727 sue,
1160 3659 1185 3712 e.
1242 3659 1269 3727 e]
1289 3657 1354 3711 Luc.

200 3745 230 3808 ,8,
244 3743 269 3798 8.
320 3744 548 3813 .131Lue.8‚18.
605 3746 649 3815 19]
665 3745 702 3800 ib.
757 3747 802 3817 26]
817 3748 854 3802 uf.
869 3747 933 3802 Luc.
947 3749 974 3818 8,
992 3742 1032 3802 16.
1082 3746 1126 3817 28]
1142 3749 1176 3802 oi.
1190 3747 1255 3803 Lue.
1271 3749 1295 3807 8,
1313 3749 1355 3800 17.

244 3869 256 3922 l
276 3885 352 3923 meos
371 3868 436 3924 odd.
455 3869 528 3924 Pom
610 3869 664 3924 diei
682 3873 782 3940 aorebti
799 3871 911 3942 (ἡμέρας
930 3871 1025 3940 LXX):
1045 3870 1090 3926 dei
1107 3867 1179 3940 MR,
1198 3868 1242 3924 die
1264 3867 1355 3924 Oable-

204 3973 262 4026 πω,
281 3957 339 4012 dies
357 3957 433 4012 Pam
491 3958 760 4030 iproseqoebantur
777 3959 849 4013 Iam.-
867 3977 920 4029 quo
939 3959 1124 4030 sequebantur
1140 3959 1204 4014 MR
1265 3961 1356 4014 bnon

201 4049 238 4114 te.
257 4063 286 4100 ee.
307 4063 325 4100 o
342 4048 472 4114 m.1)M
511 4047 762 4118 tiprimo-andiat
774 4049 966 4119 acalanthida
1003 4049 1034 4102 11
1051 4047 1358 4117 ostendebantaaripei:

206 4133 373 4188 ostendebat
389 4134 451 4189 MR
517 4136 549 4190 12
569 4135 710 4192 audituros
729 4137 765 4205 R,
784 4137 927 4192 auditurus
945 4137 1011 4191 ΜΡ
1068 4137 1102 4190 14
1119 4135 1147 4191 id
1166 4142 1221 4191 est:
1239 4153 1275 4192 ue
1294 4153 1357 4191 aure

206 4223 326 4278 audiatis
344 4225 386 4282 M.
406 4241 458 4278 oen.
477 4225 505 4281 R
524 4232 549 4280 et
565 4227 668 4294 reiteret
685 4241 779 4281 omnen
816 4227 850 4281 18
868 4241 923 4280 non
942 4227 1061 4281 minatur
1078 4227 1178 4294 scripsi
1194 4227 1244 4294 (.of
1260 4227 1277 4279 t.
1293 4227 1360 4292 ae).-

207 4312 363 4367 nominatur
380 4313 451 4382 MR,
472 4314 589 4368 minatur
611 4313 742 4368 Oebleam
867 4328 871 4334 ·

234 4435 369 4478 xxxxvn
383 4439 416 4478 ne
416 4443 445 4480 η
460 4437 502 4477 111.
1288 4420 1319 4474 31
