3250 4959
328 401 390 463 110
550 395 666 460 Quinti
687 395 830 464 Septimi
848 393 1021 448 Florentio
1040 393 1248 447 Tertulliani

326 591 431 656 adeo
469 609 530 654 nou
573 593 635 672 est3
674 595 849 673 proponant
886 590 1097 672 corruptelam
1135 590 1204 653 eius
1240 594 1272 654 et
1309 589 1474 654 dedecora·

326 698 444 762 tionem
469 697 533 779 (et)
556 696 782 777 infirmitatem,
815 700 852 761 nt
883 697 986 779 ipsius
1021 696 1065 760 sit
1100 696 1197 761 etiam
1225 715 1415 782 consurgere
1441 697 1472 759 in

325 803 571 886 incorruptelam
610 805 642 867 et
674 803 705 866 in
740 803 872 887 gloriam
907 807 939 867 et
971 804 1002 866 in
1040 803 1201 867 uirtutem.
1233 802 1288 866 sad
1322 803 1406 867 enim
1442 803 1472 865 in

325 909 455 986 Lazaro,
479 909 648 992 praecipuo
672 909 913 974 resurrectionis
938 910 1091 992 exemplo,
1121 927 1192 972 caro
1214 909 1315 973 iacrrit
1337 909 1369 972 in
1393 908 1474 972 intir-

327 1016 448 1094 mitate,
473 1034 544 1079 caro
569 1034 666 1097 paene
691 1016 886 1097 computruit
903 1015 935 1078 in
955 1014 1238 1092 dedecorationem,
1259 1033 1330 1078 caro
1348 1014 1473 1078 interim
1512 1031 1526 1067 ⁵

328 1123 437 1204 putuit
474 1123 505 1185 in
543 1121 788 1204 corruptionem,
822 1127 854 1185 et
882 1124 988 1186 tamen
1022 1121 1158 1185 Lazarus
1190 1139 1262 1185 earo
1295 1122 1474 1186 resurrexit.

328 1247 401 1292 curn
422 1229 527 1296 anima
545 1227 684 1310 quidem,
710 1227 765 1292 sed
784 1229 976 1309 incorrupta,
1001 1247 1095 1310 quam
1115 1246 1206 1291 nemo
1225 1227 1364 1292 uinculis
1383 1227 1474 1292 lineis

328 1335 506 1414 strinxerat,
531 1354 622 1398 nemo
642 1335 672 1398 in
693 1335 840 1415 sepulcro
860 1335 1040 1399 collocarat.
1065 1353 1155 1398 nemo
1178 1333 1242 1397 iam
1265 1334 1385 1398 foetere
1409 1353 1475 1398 sen·

329 1443 424 1518 serat,
461 1460 553 1506 nemo
588 1440 755 1523 quatriduo
790 1439 915 1504 uiderat
946 1441 1145 1504 seminatam.
1183 1443 1286 1504 toturn
1320 1439 1475 1504 habitum.

329 1550 433 1611 toturn
463 1547 581 1610 exitum
611 1546 720 1610 Lazari
749 1546 890 1609 omnium
924 1565 1051 1626 quoque
1083 1564 1155 1609 caro
1187 1544 1281 1610 hodie
1308 1545 1475 1628 experitur.
1497 1567 1524 1601 ιο

328 1653 436 1717 anima
460 1671 535 1718 uero
560 1653 691 1717 nullius.
715 1653 746 1715 in
772 1671 834 1734 qua
859 1670 932 1734 ergo
957 1652 1051 1717 stilus
1076 1652 1215 1734 apostoli
1238 1657 1411 1734 comparet,
1440 1651 1475 1716 de
1602 1640 1603 1715 l

330 1780 392 1842 qua
417 1779 490 1824 eum
514 1759 603 1840 loqui
627 1761 762 1834 constat,
788 1777 824 1822 ea
848 1760 907 1822 erit
926 1762 959 1822 et
978 1777 1092 1841 corpus
1116 1758 1260 1832 animale,
1285 1777 1357 1822 oum
1383 1760 1476 1823 senri-

331 1855 434 1945 natur,
474 1870 506 1931 et
538 1866 691 1948 spiritale,
725 1883 797 1929 eum
832 1867 1015 1929 suscitatur.
1051 1885 1123 1929 nam
1155 1871 1192 1929 ut
1223 1866 1269 1929 ita
1300 1865 1477 1950 intellegas.
1602 1906 1603 1937 ,

331 1993 459 2038 manum
484 1974 587 2038 adhue
610 1973 754 2056 porrigit,
785 1991 884 2054 aeque
908 1972 946 2035 de
970 1971 1112 2036 eiusdem
1141 1972 1317 2055 scripturae
1345 1975 1479 2037 auctori·

330 2085 396 2145 tate
429 2080 549 2145 facturn
587 2083 728 2145 reterens
766 2081 903 2161 primum
941 2079 1103 2143 hominem
1135 2078 1237 2143 Adam
1273 2078 1305 2142 in
1342 2060 1478 2144 unimam
1496 2098 1522 2135 ιο

331 2188 505 2251 uiuentem.
544 2185 571 2249 si
604 2185 705 2249 Adam
739 2185 833 2250 homo
866 2186 999 2268 primus,
1037 2203 1108 2249 caro
1142 2188 1247 2249 autem
1280 2185 1376 2249 homo
1410 2188 1479 2249 ante

329 2293 480 2370 animam,
510 2293 577 2357 sine
606 2291 702 2356 dubio
732 2311 802 2356 caro
832 2293 893 2356 erit
920 2291 1005 2356 facta
1032 2291 1063 2354 in
1093 2292 1240 2356 animam.
1271 2292 1356 2356 facta
1387 2310 1478 2374 porro

332 2399 364 2462 in
385 2399 533 2474 animam,
555 2418 625 2464 oum
648 2403 734 2462 esset
753 2417 878 2481 corpus,
901 2398 1013 2480 utique
1033 2399 1166 2462 animale
1185 2417 1299 2482 corpus
1318 2405 1368 2463 est
1385 2399 1477 2463 factu.

332 2504 411 2587 quid
435 2523 501 2568 euni
532 2503 682 2588 appellari
709 2504 808 2567 uelint
833 2522 925 2584 quam
954 2504 1039 2585 qnod
1067 2523 1121 2586 per
1149 2505 1285 2568 animam
1307 2505 1393 2570 facta
1419 2512 1479 2571 est.

333 2631 428 2694 quam
455 2610 539 2692 quod
562 2613 634 2674 ante
663 2609 798 2674 animum
823 2629 885 2674 non
912 2610 985 2687 fuit,
1010 2629 1104 2692 quum
1133 2610 1217 2693 quod
1242 2615 1318 2692 post
1344 2611 1478 2676 animam
1496 2633 1522 2671 so

332 2737 394 2782 nou
421 2717 489 2791 erit,
515 2715 575 2780 nisi
605 2735 677 2779 cum
701 2716 861 2800 resurgit?
889 2719 1017 2797 recepta
1041 2717 1124 2780 enim
1148 2717 1253 2780 anima
1279 2736 1391 2782 rursus
1414 2719 1479 2782 ani·

334 2826 416 2888 male
440 2842 555 2907 corpus
580 2822 725 2902 eflicitur,
750 2827 786 2887 ut
810 2823 866 2887 fiat
889 2823 1042 2907 spiritale.
1065 2843 1127 2888 non
1152 2824 1234 2888 onim
1257 2825 1398 2908 resurgit
1420 2824 1478 2889 nisi

333 2930 420 3012 quod
443 2929 514 2993 luit.
543 2929 589 2992 ita
611 2929 696 2992 unde
721 2930 804 2993 carni
829 2929 981 3012 competit
1010 2947 1125 3011 corpus
1152 2930 1288 2993 animale
1312 2930 1386 3006 dici,
1409 2929 1479 2994 inde

332 3036 457 3099 animae
489 3035 576 3099 nullo
611 3035 704 3100 modo
730 3037 894 3118 competit.
929 3055 1000 3100 caro
1030 3037 1113 3100 enim
1142 3041 1214 3100 ante
1242 3055 1356 3118 corpus
1385 3056 1479 3120 quarn
1602 3054 1603 3095 r

334 3141 469 3206 animale
489 3161 613 3224 corpus.
634 3142 772 3206 animata
786 3143 881 3220 enim,
901 3145 1014 3224 postea
1032 3143 1117 3207 facta
1135 3147 1186 3208 est
1199 3162 1315 3226 corpus
1332 3143 1479 3208 animale.
1496 3164 1524 3204 as
1602 3124 1603 3131 ἵ

333 3248 440 3312 ¹aniona
462 3267 537 3313 uero
562 3249 623 3312 etsi
647 3268 772 3332 corpus,
796 3253 913 3326 tamen,
939 3250 1012 3331 quia
1036 3250 1107 3331 ipsa
1130 3255 1180 3315 est
1199 3269 1313 3334 corpus
1333 3269 1395 3314 non
1415 3252 1480 3314 aui·

335 3358 454 3418 matum
489 3355 545 3420 sed
572 3356 712 3420 animans
736 3357 856 3439 potius,
887 3357 1021 3420 animale
1050 3375 1164 3440 corpus
1195 3376 1257 3421 non
1284 3361 1392 3438 potest
1418 3357 1481 3422 dici

424 3686 451 3754 4]
474 3685 506 3740 cl.
526 3685 584 3738 lon.
605 3687 646 3743 11.
668 3687 763 3739 1-18.
821 3685 864 3755 14]
886 3686 919 3740 cs.
939 3687 953 3739 I
973 3685 1034 3741 Cor.
1057 3689 1097 3749 15,
1116 3689 1159 3740 45.

371 3929 430 3982 aet
445 3929 544 3983 addidi
624 3947 785 4001 consurgere
800 3931 898 3988 PMF.
914 3947 1056 4000 exsurgere
1074 3930 1233 3999 Gelrelr'qui
1297 3931 1329 3985 lo
1345 3933 1483 3986 uiuentem
1602 3892 1603 3919 r

335 4017 404 4081 PM,
433 4019 524 4072 uiuam
547 4019 577 4072 F
639 4021 671 4073 17
700 4021 825 4074 animam.
854 4021 926 4073 facta
953 4020 1064 4088 (factam
1092 4019 1137 4084 Μ)
1164 4036 1242 4088 porro
1269 4019 1339 4082 ΜΡ,
1367 4022 1483 4074 animem

336 4105 484 4160 uiuentem.
504 4123 582 4176 porro
602 4108 719 4177 Pnnlpo
776 4109 808 4161 18
828 4109 899 4163 faeta
919 4112 961 4161 est
974 4109 1004 4161 F
1057 4109 1090 4162 19
1110 4108 1198 4161 uelint
1215 4110 1282 4177 (scil.
1302 4110 1348 4162 dli
1365 4109 1485 4179 quidem,

333 4195 385 4263 qni
402 4211 488 4263 supra
506 4197 690 4250 nominantur
704 4201 767 4266 109,
783 4201 832 4262 221
846 4197 941 4264 PMF,
962 4199 1063 4251 uellent
1077 4197 1130 4252 Gel
1183 4199 1217 4251 25
1236 4199 1309 4251 facta
1328 4201 1355 4262 (a
1369 4213 1404 4251 ex
1417 4200 1445 4262 u)
1460 4199 1487 4251 P

337 4285 370 4338 26
390 4285 537 4338 animatum
557 4285 625 4354 Rip:
644 4286 764 4340 animata
782 4287 873 4340 PMF
924 4289 958 4340 27
978 4289 1099 4341 animans
1121 4287 1185 4340 Gal.-
1203 4288 1292 4341 anima
1311 4285 1403 4340 PMF
