3250 4959
332 450 397 515 562
557 445 675 510 Quinti
695 443 837 514 Septimi
856 443 1026 498 Florentis
1045 442 1250 498 Tertulliani

334 640 427 717 enim,
452 637 565 721 inquit,
590 637 711 713 uobis,
735 655 805 701 non
830 635 1006 701 credetis.
1034 654 1126 718 porro
1150 655 1211 701 non
1235 635 1388 701 credituri
1413 655 1485 720 per·

334 749 536 813 seuerassent
558 746 590 810 in
614 763 722 810 necem
748 745 828 809 eine.
858 747 891 808 et
914 763 971 809 cur
993 762 1054 808 non
1077 743 1181 827 magis
1205 762 1361 827 passurus
1384 747 1484 820 esset,

335 856 362 919 si
376 853 508 918 alterius
523 852 574 917 dei
589 871 625 918 ac
639 871 694 936 per
710 852 770 916 hoc
790 849 1008 916 aduersarium
1028 849 1179 915 creatoris
1193 851 1260 933 (se)
1278 850 1484 915 manifestas·

335 963 405 1026 set?
430 977 503 1046 ergo
528 977 601 1036 non,
625 961 662 1023 ut
679 961 851 1041 pateretur,
875 957 973 1022 alium
998 975 1033 1021 se
1054 959 1132 1021 tnnc
1152 975 1278 1040 quoque
1301 956 1486 1041 supersedit

335 1066 510 1141 ostendere,
539 1064 773 1148 sedquoniam
802 1083 838 1128 ex
867 1083 918 1129 ore
943 1064 1011 1128 eius
1035 1063 1266 1129 confessionem
1295 1065 1484 1147 extorquere
1510 1085 1521 1122 s

335 1173 515 1256 cupiebant,
537 1190 595 1237 nec
620 1170 766 1237 confesso
790 1175 897 1237 tamen
921 1170 1082 1247 credituri,
1101 1171 1155 1254 qui
1174 1189 1248 1236 eum
1272 1190 1308 1235 er
1332 1171 1483 1253 operibus

336 1281 507 1364 scripturas
540 1278 787 1362 adimplentibus
820 1277 989 1363 agnouisse
1023 1277 1203 1343 debuerant.
1239 1279 1287 1342 ita
1318 1277 1390 1343 eius
1422 1277 1484 1342 fuit

337 1385 515 1452 occultasse
539 1403 583 1460 se,
608 1385 659 1449 cui
682 1381 767 1450 ultro
791 1382 967 1449 debebatur
984 1383 1113 1468 agnitio.
1137 1385 1170 1447 et
1187 1389 1293 1448 tamen
1313 1383 1420 1448 adhuc
1438 1384 1484 1448 eis

337 1511 463 1558 menum
501 1490 678 1574 porrigens:
721 1489 867 1566 abhinc,
908 1490 1022 1574 inquit,
1060 1490 1134 1555 erit
1169 1489 1280 1554 filius
1318 1489 1483 1554 hominis

338 1598 472 1664 sedens
497 1596 540 1662 ad
559 1596 748 1661 dexteram
767 1597 928 1662 uirtutis
949 1597 1016 1662 dei.
1041 1595 1234 1681 suggerebat
1252 1596 1339 1661 enim
1359 1615 1394 1661 se
1413 1615 1484 1660 esse
1501 1619 1525 1656 a

338 1706 407 1790 (de)
430 1704 593 1769 Danihelis
617 1703 783 1787 prophetia
805 1704 919 1768 ‘filium
941 1704 1091 1769 hominis’
1114 1707 1146 1768 et
1169 1702 1208 1767 dc
1230 1703 1356 1787 psalmo
1381 1700 1484 1768 Dauid

339 1813 511 1878 ‘sedentem
535 1810 575 1876 ad
597 1811 756 1876 dexteram
781 1811 851 1875 dei’.
874 1811 984 1894 itaque
1008 1831 1043 1876 er
1060 1811 1124 1876 isto
1149 1810 1233 1876 dicto
1254 1814 1287 1875 et
1308 1810 1483 1892 scripturae

339 1919 570 2003 comparatione
599 1917 790 1996 inluminati,
817 1937 911 2001 quern
941 1937 975 1984 ee
1002 1918 1102 1983 uellet
1127 1917 1287 2002 intellegi:
1311 1935 1412 2002 ergo,
1439 1917 1483 1980 in-

339 2027 463 2110 quiunt,
486 2028 527 2090 tu
551 2025 610 2089 dei
634 2023 743 2089 filius
768 2027 828 2090 os?
853 2026 945 2090 cuius
970 2025 1031 2103 dei,
1055 2025 1116 2090 nisi
1140 2043 1235 2108 quem
1259 2024 1367 2090 solum
1390 2040 1482 2088 none·

339 2135 429 2198 rant?
454 2132 545 2198 cuius
570 2131 630 2207 dei,
654 2131 717 2197 nisi
741 2151 835 2214 quem
858 2133 890 2196 in
913 2132 1037 2215 psalmo
1056 2133 1264 2197 meminerant
1282 2131 1401 2196 dixisse
1419 2129 1482 2195 fibo
1500 2150 1523 2188 a
1619 2188 1620 2195 ,

341 2258 414 2304 suo:
439 2238 525 2304 sede
546 2238 588 2302 ad
609 2237 796 2303 dexteram
816 2241 955 2304 meam?
973 2239 1040 2304 ‘sed
1058 2237 1233 2322 respondit:
1253 2257 1320 2303 uos
1341 2237 1481 2310 dicitis,

340 2344 445 2427 quasi:
464 2363 524 2408 non
546 2344 626 2428 ego'.
641 2345 749 2427 atquin
765 2345 964 2409 confirmauit
976 2344 1010 2408 id
1025 2364 1059 2410 so
1074 2363 1154 2420 esse,
1171 2343 1256 2427 qnod
1269 2343 1317 2408 illi
1333 2344 1481 2420 dixerant,

341 2451 416 2514 dum
448 2469 559 2516 rursus
591 2450 793 2534 interrogant.
825 2452 908 2516 unde
940 2456 1047 2516 autem
1080 2445 1230 2535 probabis
1256 2451 1481 2534 interrogatiuo

341 2560 373 2622 et
390 2574 452 2621 non
465 2555 529 2639 (et)
543 2555 630 2638 ipsos
644 2557 863 2622 confirmation
878 2557 1112 2641 pronuntiasse:
1129 2575 1217 2641 ergo
1235 2561 1277 2620 tu
1295 2555 1408 2620 filius
1427 2555 1481 2620 dei

343 2681 391 2740 ea,
423 2667 470 2741 ut,
504 2663 578 2746 quia
606 2663 734 2746 oblique
763 2663 944 2728 ostenderat
972 2683 1006 2729 se
1033 2683 1089 2748 per
1112 2665 1285 2747 scripturas
1308 2663 1411 2726 tilium
1435 2662 1482 2726 dei
1497 2684 1522 2721 a

342 2767 600 2854 intellegendum,
621 2769 668 2834 sic
688 2770 856 2835 senserint:
877 2777 975 2854 ‘ergo
994 2773 1038 2835 tu
1062 2769 1120 2835 dei
1140 2789 1178 2837 es
1198 2769 1330 2845 filins',
1350 2769 1436 2852 quod
1452 2773 1483 2832 tc

342 2875 477 2940 nonnis
502 2875 759 2957 apertedioere?
792 2881 888 2958 atquc
910 2877 957 2940 ita
984 2879 1017 2941 et
1043 2875 1098 2941 ille
1125 2877 1203 2940 ‘uos
1236 2874 1382 2940 dicitia’
1416 2895 1483 2940 con·

342 2982 498 3046 firmatiue
535 2982 709 3064 respondit,
743 2986 775 3047 et
802 2983 882 3048 adeo
915 2984 962 3047 sic
993 2983 1058 3047 fuit
1088 2981 1300 3068 pronuntiatio
1333 2981 1416 3060 eius,
1451 2983 1485 3044 at

342 3089 614 3171 perseuerauerint
636 3089 668 3153 in
692 3109 739 3164 eo,
764 3089 849 3171 quod
873 3090 1088 3172 pronuntiatio
1107 3089 1260 3172 sapiebat.
1283 3090 1338 3154 42.
1356 3088 1487 3170 perduc-

332 3200 410 3264 tum
437 3195 519 3260 enim
542 3195 634 3260 illum
654 3195 692 3260 ad
711 3196 852 3260 Pilatum
872 3215 999 3260 onerare
1018 3201 1198 3279 coeperunt,
1222 3193 1307 3278 quod
1325 3213 1360 3259 se
1379 3213 1486 3278 regem
1501 3217 1524 3260 a

433 3477 458 3546 9]
478 3476 542 3531 Luc.
562 3476 605 3543 22,
624 3477 667 3530 69.
706 3475 751 3544 11]
773 3475 1006 3542 ci.Dan.'i,13.
1045 3476 1089 3545 12]
1110 3475 1144 3530 ci.
1163 3476 1206 3529 Pa.
1227 3475 1287 3542 109,
1303 3477 1327 3528 1.
1366 3475 1412 3544 131
1426 3475 1487 3528 Luc

345 3566 386 3627 22,
407 3565 449 3620 70.
507 3563 549 3635 16]
570 3562 615 3619 Ps.
638 3565 696 3631 109,
719 3567 742 3618 1.
815 3563 880 3619 Luc.
901 3566 945 3632 22,
966 3565 1008 3620 id.
1063 3563 1408 3634 ar]cr.Luc.23,1-2.

383 3723 532 3778 leredetis
550 3723 638 3777 Pana:
659 3724 768 3778 creditis
787 3724 849 3779 MR
922 3724 1148 3779 escurialem
1224 3725 1388 3794 bononiam
1407 3723 1488 3783 arrd.

345 3812 478 3881 quomodo
498 3811 536 3867 R¹
615 3814 647 3868 10
668 3830 726 3867 esse
743 3815 818 3880 <de>
835 3814 948 3883 seniori:
966 3831 1025 3868 esse
1043 3813 1127 3881 MR¹,
1146 3831 1177 3868 ex
1195 3812 1330 3883 R³aulpo
1411 3815 1442 3868 ll
1462 3822 1488 3867 et

347 3902 378 3954 dc
398 3901 479 3968 MR¹,
500 3905 527 3956 et
547 3919 560 3956 e
579 3901 711 3971 R³auloo
749 3905 782 3957 12
802 3920 834 3956 ex
852 3904 906 3957 isto
921 3903 1004 3973 Mle,
1023 3908 1052 3958 et
1070 3906 1123 3957 isto
1137 3902 1176 3958 13¹
1215 3903 1247 3959 17
1268 3903 1346 3972 qnasi
1364 3919 1421 3957 non
1439 3919 1488 3973 ego

347 3990 415 4058 MR,
431 3991 494 4059 quia
509 4008 560 4061 ego
576 4008 634 4044 sum
650 3991 720 4044 Pam
772 3993 804 4046 18
820 3992 1017 4060 interrogatino
1033 3992 1102 4056 (ecit.
1116 3997 1195 4058 coreo)
1208 3991 1279 4058 ΜΓ,
1291 3992 1489 4061 interrogatiue

349 4079 470 4148 Ruulyo
526 4080 559 4134 19
580 4083 607 4133 et
622 4080 722 4133 addidi
740 4085 778 4146 (et
792 4081 866 4150 ipsos
881 4106 915 4127 =
930 4081 999 4134 auch
1014 4083 1062 4139 sie,
1076 4081 1127 4134 wie
1139 4079 1262 4135 nemrim
1277 4079 1366 4150 geleich
1384 4079 1494 4146 dorcas

349 4167 483 4234 Gloriatur,
503 4169 537 4235 cf.
557 4167 574 4222 l.
595 4173 640 4234 17)
714 4169 900 4223 confirmation
919 4169 989 4237 ΜΓ,
1009 4169 1194 4224 confirmatiue
1212 4167 1333 4237 Raulpo
1388 4169 1425 4224 20
1443 4168 1489 4222 ee?

348 4265 378 4306 nt
396 4255 479 4323 culpo
533 4256 565 4309 21
587 4256 720 4310 senserint
737 4256 807 4324 MR,
827 4261 968 4311 senserunt
990 4257 1042 4311 Ure
1086 4256 1121 4310 22
1140 4259 1223 4326 atque
1241 4256 1311 4323 MR,
1329 4273 1415 4326 aeque
1439 4255 1489 4311 Ure

348 4345 382 4394 ‘23
401 4343 440 4396 sic
457 4344 515 4396 scil.
536 4345 721 4398 contirrnatiue
741 4345 826 4414 (Eoo)
882 4345 916 4398 24
934 4346 1149 4414 perseuerauerit
1166 4345 1206 4401 13¹
