3250 4959
337 400 401 463 364
566 395 682 461 Quinti
703 396 843 465 Septimi
860 395 1032 449 Florentis
1051 394 1255 449 Tertulliani

382 595 434 655 21.
451 592 502 657 Sic
524 598 555 657 et
573 592 604 656 iu
625 593 738 658 ceteris
758 592 997 657 contrarietates
1017 594 1256 675 praeceptorum
1271 590 1301 653 ei
1316 589 1486 673 exprobras

336 704 373 764 ut
404 700 516 765 mobili
545 704 577 765 et
604 701 756 777 instabili,
787 701 965 783 prohibenti
995 700 1136 763 sabbatis
1161 698 1284 780 operari
1307 700 1341 761 et
1362 697 1486 761 iubenti

336 825 439 871 arcam
473 807 668 871 circumferri
701 826 756 889 per·
789 807 857 871 dies
886 813 970 883 octo,
1003 806 1035 869 id
1063 811 1113 870 est
1145 806 1238 870 etiam
1273 804 1419 880 sabbato,
1450 806 1484 869 iu

335 913 565 999 expugnatione
580 914 721 979 ciuitatis
737 914 871 979 Iericho.
895 934 953 979 nec
969 914 1093 978 sabbati
1113 913 1196 976 enim
1214 912 1348 995 inspicis
1367 911 1484 995 legem,

336 1039 430 1103 opera
449 1021 596 1098 humana,
616 1040 676 1085 uon
697 1020 804 1085 diuina
822 1021 1050 1103 prohibentem.
1076 1019 1249 1102 siquidem:
1274 1038 1352 1095 sex,
1371 1019 1484 1098 inquit,
1513 1040 1526 1079 ε

336 1127 480 1192 diebus
507 1147 674 1209 operare
694 1132 733 1192 et
752 1129 889 1192 facies
909 1128 1041 1193 omnia
1059 1145 1180 1209 opera
1201 1130 1280 1200 tua,
1306 1126 1483 1206 septima

335 1236 468 1297 autem
498 1234 564 1298 die
595 1234 1151 1309 sabbatadominodeot1103
1190 1252 1263 1296 non
1287 1232 1420 1295 facies
1442 1233 1482 1296 in

335 1360 378 1403 ea
401 1359 512 1404 omne
536 1358 646 1423 opus.
681 1340 788 1421 quod?
824 1339 934 1421 utique
957 1344 1060 1403 tuum.
1093 1356 1289 1419 consequens
1313 1338 1398 1402 enim
1422 1344 1482 1413 est,

334 1453 371 1512 ut
390 1467 426 1511 ea
444 1467 538 1531 opera
558 1449 691 1513 sabbato
711 1449 857 1525 auferret,
883 1468 963 1530 quae
982 1467 1036 1511 sex
1060 1447 1174 1512 diebus
1197 1464 1294 1529 supra
1316 1446 1482 1513 indixerat.

333 1560 391 1619 tua
413 1555 546 1633 scilieet,
570 1555 602 1620 id
627 1559 677 1620 est
698 1554 837 1619 humana
860 1560 893 1619 et
916 1554 1082 1619 cotidiana
1119 1572 1224 1619 arcam
1247 1572 1324 1617 uero
1349 1556 1482 1619 circum·
1501 1570 1524 1605 ¹⁰

333 1664 412 1727 ferre
441 1681 540 1744 neque
567 1662 764 1727 cotidianum
794 1681 874 1745 opus
903 1662 1003 1728 uideri
1030 1665 1138 1745 potest
1165 1679 1268 1744 neque
1295 1662 1481 1737 humanum,

333 1769 390 1835 sed
415 1775 447 1834 et
468 1790 572 1835 rarum
597 1774 629 1835 et
651 1774 888 1835 sacrosanctum
918 1774 951 1835 et
978 1790 1015 1835 er
1042 1770 1113 1852 ipso
1137 1773 1213 1833 tuuc
1237 1768 1287 1832 dei
1311 1776 1480 1853 praecepto

333 1878 444 1959 utique
468 1878 621 1942 diuinum.
651 1876 735 1958 quod
759 1881 791 1939 et
814 1878 921 1958 ipsum
945 1875 1022 1957 quid
1045 1875 1240 1959 significaret
1262 1875 1480 1941 edissererem.

318 1970 395 2049 ‘uisi
427 1986 557 2068 longum
590 1990 677 2047 esset
709 1984 827 2067 figuras
860 1987 1114 2069 argumentorum
1152 1984 1294 2048 omnium
1331 1986 1482 2051 creatoris

333 2090 515 2173 expandere,
549 2108 627 2172 ques
659 2090 791 2154 forsitan
825 2109 882 2154 uec
911 2090 1063 2154 admittis.
1101 2090 1157 2155 sed
1185 2090 1257 2171 plus
1287 2096 1349 2163 est
1383 2090 1410 2154 si
1441 2092 1479 2156 de
1497 2108 1520 2147 e

332 2197 488 2262 absolutis
516 2197 731 2273 reuiucamioi,
766 2197 974 2279 simplicitate
1003 2197 1158 2272 ueritatis,
1191 2216 1252 2261 non
1281 2197 1478 2266 curiositate.

332 2304 417 2367 sicut
440 2305 473 2365 et
494 2322 577 2366 nunc
596 2305 682 2367 certa
706 2302 868 2367 distinctio
893 2307 943 2368 est
966 2304 1090 2367 sabbati
1113 2302 1261 2379 humana,
1285 2322 1346 2367 nou
1372 2304 1479 2369 meina

333 2428 427 2493 opera
440 2408 647 2490 prohibentis.
667 2409 801 2493 ideoque
818 2410 871 2491 qui
892 2409 1034 2475 sabbatis
1053 2409 1223 2492 lignatum
1243 2412 1366 2494 legerat
1385 2412 1478 2475 morti

333 2517 426 2580 datus
455 2521 513 2581 est.
558 2536 651 2581 soum
686 2516 769 2580 enim
798 2536 878 2598 opus
906 2517 1034 2589 fecerat,
1064 2517 1137 2599 lege
1167 2516 1384 2581 interdictum.
1425 2518 1477 2599 qui

331 2641 406 2687 uero
435 2643 538 2687 arcam
571 2624 712 2687 sabbatis
746 2624 1015 2701 circumtulerant,
1048 2622 1177 2705 impune
1208 2630 1386 2707 gesseruut.
1419 2643 1477 2687 nou
1492 2637 1516 2677 ω

332 2750 426 2793 suum
453 2730 535 2794 enim
561 2730 617 2793 sed
636 2728 686 2793 dei
711 2749 801 2812 opus
828 2750 862 2793 er
881 2734 1050 2811 praecepto
1069 2730 1195 2794 scilicet
1211 2730 1325 2810 ipsius.
1349 2730 1478 2795 admini-

332 2841 517 2902 straueraut.

376 2945 429 3006 22.
453 2942 588 3005 Proinde
614 2950 645 3005 et
669 2940 912 3005 similitudinem
937 2945 1049 3005 uetans
1072 2941 1140 3005 fieri
1165 2942 1317 3007 omnium.
1343 2961 1425 3024 quae
1447 2942 1477 3005 in

332 3050 417 3114 caelo
438 3062 470 3114 et
488 3051 518 3114 in
539 3053 621 3114 terra
636 3054 667 3114 et
681 3050 712 3112 iu
729 3049 832 3131 aquis,
849 3049 989 3113 ostendit
1008 3052 1040 3113 et
1055 3068 1179 3113 causas.
1201 3045 1378 3135 [idolatriae
1397 3049 1477 3113 scili·

332 3160 381 3220 oet
400 3156 611 3221 substantiam
627 3153 833 3243 cohibentes]
849 3156 966 3220 subicit
982 3157 1078 3221 euim:
1098 3177 1171 3222 non
1187 3156 1420 3222 adorabitis
1434 3176 1474 3221 ea
1489 3167 1513 3209 e

419 3300 445 3365 a]
471 3298 504 3350 cr.
529 3298 581 3350 100.
606 3298 631 3355 c.
655 3298 734 3351 3-4.
808 3298 837 3365 ar
862 3297 945 3351 uxos.
970 3298 1133 3364 eoo-10.
1208 3298 1251 3365 rr]
1276 3296 1310 3350 cr.
1334 3297 1416 3353 unm.
1437 3298 1474 3361 15,

331 3388 444 3440 32-36.
502 3388 546 3455 ⁵25]
566 3386 649 3439 Eroti.
669 3387 712 3441 20.
733 3390 756 3439 5.

368 3493 380 3544 l
402 3491 545 3561 exprobras
559 3492 596 3554 R,
616 3491 746 3559 exprobris
761 3493 798 3544 u
848 3495 865 3545 2
884 3493 1041 3561 prohibenti
1052 3532 1075 3547 ..
1088 3534 1094 3546 .
1105 3490 1211 3545 iubenti
1222 3490 1397 3559 Leopoldus:
1418 3509 1475 3561 pro-

330 3580 467 3634 bibentis.
481 3580 634 3635 ..iubentis
648 3580 710 3633 MR
764 3584 782 3633 4
801 3582 903 3635 iericho
919 3582 988 3644 ΜΕ,
1008 3582 1138 3635 Hiericho
1158 3580 1185 3635 R
1239 3582 1256 3634 9
1276 3581 1397 3633 auferret
1409 3578 1476 3645 ΜΓ,

331 3669 436 3722 auferet
450 3670 477 3723 ,Η
531 3671 561 3722 13
577 3670 665 3738 ipsum
685 3671 797 3738 scripsi:
812 3671 871 3739 ipse
883 3671 947 3724 Mle
999 3673 1031 3724 14
1050 3671 1102 3723 uisi
1117 3670 1159 3728 M.
1177 3668 1300 3723 nimisR
1352 3669 1386 3723 18
1404 3670 1477 3737 ligna

331 3763 387 3809 tum
412 3758 518 3826 legerat
541 3758 653 3825 scripsi:
675 3757 810 3827 lignatum
834 3763 930 3827 egerat
951 3759 993 3821 M,
1016 3758 1150 3827 lignatum
1173 3759 1264 3828 igeret
1284 3758 1320 3818 F,
1344 3758 1475 3827 lignatum

329 3847 400 3899 ierat
418 3846 446 3900 R
465 3847 548 3913 sculpo
596 3848 627 3898 21
651 3846 698 3899 sed
719 3846 761 3899 dei
782 3865 850 3915 opus
864 3848 907 3911 M,
926 3865 1002 3916 opus,
1021 3848 1070 3901 sed
1089 3847 1131 3901 dei
1150 3846 1272 3915 Eurotae
1316 3846 1353 3899 24
1372 3862 1476 3901 causam

329 3936 394 3997 t'ort.
468 3934 808 3988 idolatriae—cohibentes
828 3938 942 3990 seclusi:
961 3953 1046 4003 neque
1068 3937 1139 3989 eninr
1158 3952 1260 3989 causae
1277 3935 1404 3989 cohiberet
1420 3934 1476 3987 ido

330 4024 453 4092 latriam,
472 4024 520 4076 sed
533 4031 711 4091 praeceptum
735 4025 792 4089 dei;
805 4026 919 4091 frastra
939 4032 1028 4079 aretem
1048 4043 1109 4079 cum
1131 4024 1232 4079 Ursino
1244 4042 1300 4093 pro
1319 4025 1477 4077 cohibentes

330 4112 497 4178 rescripseris
517 4110 646 4164 cohibens
665 4114 721 4165 nisi
740 4114 823 4166 simui
841 4115 964 4167 ordinem
983 4114 1128 4167 aereorum
1145 4114 1185 4165 sic
1202 4114 1359 4165 inwteris:
1379 4110 1477 4165 subicit

330 4200 409 4261 enim,
429 4199 740 4253 idolatriae—cohibens
795 4203 901 4256 scilicet
914 4204 950 4255 M
968 4203 1010 4268 (ia
1027 4220 1077 4271 rap.
1098 4218 1167 4270 quae
1187 4201 1253 4254 odd.
1268 4218 1303 4253 m.
1317 4205 1356 4268 3),
1375 4200 1476 4254 scilicet

329 4304 397 4355 «puae
417 4287 452 4345 R.
472 4288 577 4341 scilicet
596 4306 691 4342 caecae
714 4290 843 4343 Oeblerus
