3250 4959
355 420 420 484 182
580 416 697 482 Quinti
716 418 859 491 Septimi
877 418 1048 473 Florentis
1066 418 1272 475 Tertulliani

353 612 522 695 plerosque
556 612 656 678 diuidi
687 613 758 697 (de)
790 614 980 696 quibusdam
1013 615 1167 691 articulis,
1195 615 1292 680 etiam
1325 616 1407 681 bena
1438 616 1501 681 lide

354 718 497 784 dicturos
520 720 590 785 ‘hoc
614 720 660 785 ita
682 740 744 786 non
769 723 829 785 est'
852 725 885 787 et
908 722 979 787 ‘hoo
1003 722 1095 787 aliter
1122 722 1255 806 accipie'
1283 727 1315 789 ct
1342 722 1411 787 ‘hcc
1439 742 1499 789 non

354 832 511 909 agnosco!
530 827 684 891 nanetate
703 826 785 893 enim
804 827 956 893 innouata
973 829 1156 913 regularum
1174 829 1271 895 facies
1290 830 1387 895 habet
1405 830 1500 895 etiam

356 930 477 997 colores
501 931 760 1016 ignorantiarum.

399 1040 432 1102 5.
463 1037 545 1103 Mihi
577 1043 685 1104 autem
722 1058 793 1105 cum
834 1041 1013 1125 archetypis
1051 1042 1112 1106 erit
1147 1042 1242 1107 limes
1279 1043 1499 1127 principalium
1532 1066 1543 1107 s

354 1143 591 1227 magistrorum,
614 1166 676 1213 non
696 1166 768 1211 curn
792 1147 960 1213 adfectatis
985 1148 1119 1215 ducibus
1143 1148 1345 1231 passiuerum
1364 1148 1501 1233 discipu-

354 1250 468 1315 lorum.
490 1271 549 1317 nec
571 1253 683 1336 utique
707 1252 850 1319 dicemur
876 1254 940 1337 ipsi
962 1255 1053 1320 nobis
1080 1255 1208 1321 finxisse
1235 1256 1395 1329 materias,
1425 1276 1501 1339 quas

354 1360 405 1423 tot
436 1357 499 1423 iam
536 1360 598 1424 uiri
630 1360 801 1425 sanctitate
835 1368 867 1425 et
898 1361 1092 1444 praestantia
1124 1361 1276 1446 insignes,
1309 1381 1366 1427 nec
1399 1364 1502 1428 solum

355 1464 456 1529 nostri
483 1469 700 1534 antecessores
733 1467 791 1533 sed
824 1468 967 1551 ipsorum
1000 1468 1289 1541 haeresiarcharum
1322 1474 1502 1553 contempo-

355 1570 449 1650 rales,
474 1573 734 1639 instructissimis
766 1574 985 1639 uoluminibus
1018 1580 1050 1639 et
1081 1574 1287 1658 prodiderunt
1314 1579 1348 1640 et
1378 1576 1501 1641 retude-
1521 1600 1545 1639 re

354 1681 440 1755 runt,
459 1682 497 1742 ut
509 1679 665 1758 Iustinus,
684 1680 895 1764 philosophus
911 1684 943 1745 et
957 1685 1084 1765 martyr,
1103 1684 1142 1746 ut
1159 1682 1334 1755 Miltiades,
1355 1682 1501 1747 ecclesia-

354 1803 425 1848 rum
449 1785 605 1867 sophista,
629 1791 666 1851 ut
684 1787 844 1863 Irenaeus,
869 1788 1011 1852 omnium
1030 1788 1244 1853 doctrinarum
1264 1788 1501 1854 curiosissimus

355 1891 541 1974 explorator,
564 1897 602 1958 ut
620 1894 775 1958 Proculus
794 1897 912 1972 nester,
935 1894 1069 1978 uirginis
1088 1900 1235 1961 senectae
1254 1900 1287 1961 et
1306 1894 1501 1961 Christianae

356 1998 556 2078 eloquentiae
579 1999 729 2083 dignitas,
753 2020 833 2082 quos
857 2001 888 2065 in
908 2001 994 2066 omui
1013 2021 1106 2085 opere
1124 2000 1209 2080 fidei,
1234 2002 1500 2085 quemadmodum

356 2103 388 2169 in
411 2104 485 2184 isto,
509 2108 686 2188 optauerim
705 2106 849 2189 adsequi.
874 2112 929 2171 aut
948 2108 974 2172 si
993 2108 1025 2172 in
1044 2111 1149 2173 totum
1169 2108 1317 2175 haereses
1337 2128 1398 2173 non
1419 2118 1499 2183 sunt,
1520 2133 1543 2173 ra

356 2214 394 2276 ut
425 2213 479 2294 qui
512 2231 566 2278 eas
597 2213 724 2296 pellunt
755 2213 882 2279 linxisse
914 2208 1091 2293 credantur,
1123 2216 1296 2281 mentietur
1326 2216 1500 2298 apostolus.

355 2318 554 2402 praedicator
584 2320 722 2385 illarum.
759 2339 851 2404 porro
885 2320 913 2384 si
946 2324 1030 2401 sunt,
1069 2340 1129 2386 non
1167 2322 1247 2386 aliae
1283 2326 1377 2387 erunt
1409 2342 1500 2406 quam

356 2444 436 2508 quae
463 2429 683 2493 retractantur.
716 2447 809 2493 nemo
837 2431 903 2491 tam
937 2428 1059 2494 otiosus
1094 2428 1203 2507 sertur,
1232 2430 1307 2496 stile
1336 2433 1373 2494 ut
1406 2434 1501 2493 mate-

355 2531 419 2597 ries
442 2532 562 2599 hahens
586 2534 694 2619 fingat.

401 2642 429 2703 6.
439 2640 611 2725 Igiturhoo
624 2642 744 2722 libello,
754 2663 816 2726 quo
828 2643 1127 2709 demonstrationem
1144 2644 1248 2709 solum
1262 2642 1500 2725 praemittentes
1518 2664 1542 2705 a

356 2766 468 2811 sumus
483 2748 570 2813 illius
587 2749 755 2827 arcanius
771 2769 864 2832 quem
885 2768 921 2813 er
941 2750 1120 2814 nominihus
1135 2754 1200 2814 tam
1216 2749 1391 2833 peregrinis
1406 2753 1439 2814 et
1452 2767 1503 2813 co-

356 2852 436 2918 actis
460 2856 493 2918 et
515 2856 689 2939 compactis
713 2858 746 2920 et
768 2857 927 2941 ambiguis
952 2856 1055 2941 caligo
1080 2856 1250 2935 suffundat,
1279 2856 1438 2938 quemodo
1462 2855 1502 2919 iis

355 2960 445 3025 usuri
461 2979 583 3039 sumus,
594 2962 682 3043 prius
698 2961 903 3027 demandabo.
914 2962 1109 3044 quorundam
1126 2964 1209 3027 enirn
1223 2962 1262 3027 ds
1273 2962 1394 3028 Graeco
1408 2962 1503 3027 inter-

355 3066 490 3149 pretatio
523 3087 586 3131 non
623 3070 760 3133 occurrit
783 3069 821 3133 ad
846 3070 1022 3151 expeditam
1047 3069 1176 3150 proinde
1199 3069 1334 3134 nominis
1357 3070 1503 3145 formam,

356 3173 555 3254 quorundam
577 3192 634 3238 nec
658 3175 696 3239 de
719 3195 794 3239 seru
820 3194 934 3259 genera
958 3176 1160 3253 conueniunt,
1186 3175 1382 3258 quorundam
1405 3174 1503 3239 usita-
1522 3198 1545 3236 a

356 3281 418 3345 tior
441 3281 471 3344 in
497 3279 617 3345 Graeco
641 3282 756 3346 notitia
779 3288 837 3347 est.
862 3282 970 3365 itaque
993 3282 1165 3365 plurimum
1190 3280 1309 3347 Graeca
1332 3301 1503 3365 ponemus:

448 3543 490 3613 16]
511 3543 544 3598 ci.
563 3544 577 3597 I
596 3544 656 3599 Cor.
678 3546 720 3607 11,
741 3546 782 3599 19.

395 3685 500 3754 l<de>
518 3687 678 3755 quibusdam
692 3688 821 3743 Oehlems
865 3690 1027 3744 3iunouata
1040 3685 1147 3755 scripsi:
1163 3686 1309 3741 innonatur
1321 3684 1410 3739 PMF
1462 3684 1505 3738 ia-

357 3773 421 3828 cias.
445 3774 529 3827 habet
549 3776 634 3843 arrigo
691 3780 709 3830 4
736 3778 892 3845 ignorantia
916 3792 1008 3831 aarum
1029 3774 1105 3842 Saul,
1128 3774 1299 3844 ignorantiae
1325 3790 1415 3828 eoram
1439 3772 1507 3842 Eup

357 3865 373 3917 'i
394 3864 488 3932 utique
510 3864 619 3931 scripsi:
644 3864 763 3936 undique
782 3867 874 3920 PMF
935 3866 968 3919 10
991 3864 1143 3918 retulerunt
1164 3862 1195 3916 F
1253 3864 1285 3917 13
1308 3865 1401 3917 noster
1422 3860 1504 3916 Scal:

357 3953 573 4006 nostraePMF
621 3955 900 4009 retorsimus
953 3954 985 4007 16
1004 3953 1112 4007 finxisse
1127 3952 1160 4020 P,
1179 3952 1268 4007 fixisse
1282 3951 1347 4007 ΜΡ
1400 3952 1432 4005 18
1450 3952 1506 4005 ier·

357 4043 411 4106 tur,
430 4042 494 4094 etilo
512 4042 592 4110 Eup:
612 4043 699 4097 fertur
717 4044 781 4098 stilo
800 4045 883 4112 uulgo
938 4043 973 4097 20
992 4042 1136 4111 quo<que>
1153 4040 1219 4110 Eup
1266 4040 1299 4095 21
1319 4056 1410 4093 sumus
1428 4038 1506 4093 illius

357 4130 456 4197 scripsi
479 4133 525 4199 (cs.
545 4135 593 4190 25.
616 4136 658 4197 1).·
682 4132 766 4185 solius
789 4132 924 4196 PMFR¹,
947 4131 1022 4185 illius
1045 4128 1093 4193 R³,
1117 4130 1204 4182 totius
1226 4128 1290 4198 Eorg
1357 4128 1446 4181 arcani
1469 4144 1505 4179 ne

357 4218 421 4271 PM
437 4225 465 4285 (n
483 4222 514 4273 in
533 4226 611 4285 rua).
630 4222 736 4275 arcanis
750 4220 781 4273 F
833 4222 867 4274 23
887 4237 978 4274 snmus
992 4219 1061 4283 MF,
1082 4219 1165 4272 simus
1184 4218 1302 4286 Purrtpo
1353 4216 1387 4270 26
1402 4214 1507 4271 Graeca

358 4310 424 4379 Rip.-
445 4326 540 4379 graeco
561 4310 651 4363 PMF
