3250 4959
318 374 382 437 444
549 370 662 436 Quint·
655 388 665 423 1
686 371 828 440 Septimi
847 371 1021 424 Florentia
1040 370 1247 425 Tertulliani

319 566 402 629 enim
427 566 548 648 eliquat
550 584 628 630 enus
646 569 757 648 posset
744 566 950 629 tuiderit
896 570 950 647 pat
952 568 1017 631 ient
1019 566 1067 629 iae
1087 584 1162 630 suae
1180 566 1390 652 praestitisse.
1412 566 1463 630 sed

318 672 417 737 adicit
403 673 524 737 tetiam
542 673 763 737 auctoritatem
778 692 869 737 suam
885 675 1105 756 exaggeratam
1125 673 1302 737 testimonii
1319 670 1464 754 pondere

318 780 409 843 ouius
433 780 499 843 iam
521 779 707 857 testimonii,
732 780 793 844 uisi
816 779 898 862 legis
922 780 1087 844 adsertae?
1115 783 1199 845 certe
1222 779 1302 843 nihil
1324 781 1465 847 interest

319 887 478 967 quomodo
507 885 680 950 firmauerit
667 886 822 969 tlegem‚
854 887 924 949 siue
952 904 1014 967 qua
1040 886 1143 950 bonus
1171 887 1241 951 siue
1269 906 1333 968 qua
1363 907 1466 970 super-

316 1009 449 1069 ascune,
471 992 622 1073 sineque
645 992 1235 1075 parenssruequaruconsans,dum
1255 996 1298 1071 te,
1316 993 1466 1061 Marcion
1491 1013 1501 1052 ι
1602 999 1603 1042 3

317 1098 355 1162 de
390 1099 489 1181 gradu
521 1098 649 1180 pellam.
683 1117 756 1163 ecce
785 1100 946 1182 praecepit
972 1099 1077 1182 legem
1101 1100 1237 1181 impleri.
1266 1118 1467 1183 quocumque

315 1204 410 1269 modo
435 1207 605 1289 praecepit,
581 1206 741 1270 teodem
763 1209 820 1287 pot
822 1206 870 1269 uit
893 1206 988 1271 eitam
1013 1206 1102 1269 illam
1121 1206 1326 1287 praemisisse
1346 1210 1467 1272 senten

315 1313 408 1375 tiam:
438 1332 507 1376 non
536 1312 622 1376 ueni
650 1312 772 1395 legem
802 1312 1028 1388 dissoluerat,
1059 1312 1368 1393 sedadimplere.
1394 1314 1468 1396 quid

316 1424 417 1506 ergot
405 1420 464 1485 tibi
483 1422 545 1485 fuit
564 1422 602 1485 de
622 1422 788 1504 euangelio
803 1422 939 1486 erasisse
955 1420 1039 1502 quod
1058 1420 1185 1485 saluum
1204 1426 1254 1484 ιιι
1240 1423 1274 1483 t?
1299 1420 1467 1485 confessus

315 1546 349 1591 es
370 1528 452 1591 euim
472 1548 545 1611 prae
564 1528 688 1593 bonitat
689 1528 839 1592 eiecisse
857 1528 949 1592 illum
969 1528 1053 1609 quod
1072 1546 1169 1611 negas
1189 1526 1316 1589 dixisse.
1340 1532 1467 1591 constat
1481 1544 1501 1583 o

315 1654 389 1719 ergo
415 1635 530 1699 dixisse
553 1635 656 1716 illum,
686 1636 759 1718 quia
784 1639 815 1699 ιι
838 1636 925 1712 fecit,
955 1638 987 1698 et
1009 1638 1040 1699 ιι
1063 1634 1172 1717 potius
1200 1652 1314 1697 uocem
1345 1633 1464 1698 domini

315 1742 352 1805 de
377 1742 541 1825 euangelio
566 1743 742 1806 eradicasse
765 1761 862 1823 quam
885 1761 943 1806 uos
945 1746 1011 1805 tros
1034 1741 1190 1805 iniecisse.

361 1850 412 1911 10.
442 1848 637 1913 Ourattnre
664 1848 869 1931 paralyticus,
899 1851 930 1911 et
958 1847 1117 1931 quidem
1109 1867 1142 1910 ιιι
1165 1850 1269 1924 coetu,
1300 1852 1463 1929 spectante

313 1956 443 2036 populo.
463 1954 612 2018 uidebit
598 1954 724 2031 terrim,
740 1954 846 2036 inquit
833 1954 981 2030 ιΕιιιιι,
999 1954 1162 2037 populus
1183 1953 1462 2019 sublimitatem

314 2060 455 2125 domini
484 2064 520 2124 ιι
548 2062 708 2143 gloriam
738 2061 806 2125 dei
838 2081 932 2142 quam
960 2061 1141 2125 sublimitat
1127 2064 1192 2123 tem
1220 2064 1253 2123 ιι
1275 2078 1371 2141 quam
1398 2063 1461 2144 glo·
1478 2074 1497 2115 1⁵
1602 2047 1603 2084 l

312 2168 413 2232 mam?
434 2168 705 2241 conualesoita
727 2187 856 2231 manus
877 2167 1055 2231 dimissae
1074 2170 1111 2231 ιι
1132 2186 1252 2250 genua
1270 2166 1463 2231 dissoluta
1516 2184 1551 2277 3*
1602 2207 1603 2258 1

313 2309 354 2320 -
390 2274 450 2337 hoo
484 2274 544 2336 erit
576 2273 729 2356 paralysis
762 2298 821 2348 -3
847 2273 1117 2347 conualesoite,
1150 2292 1192 2337 ue
1225 2273 1369 2352 timete,
1401 2294 1459 2338 uon

314 2381 414 2443 otiose
443 2380 559 2443 iterans
589 2380 824 2445 ‘conualescite'
852 2398 909 2444 nec
933 2400 1014 2444 nane
1038 2379 1233 2463 subiungens
1256 2382 1305 2445 ‘ne
1328 2381 1460 2457 timete,

313 2486 462 2567 quoniam
479 2504 550 2550 cum
565 2486 829 2571 redintegratione
843 2488 1057 2551 membrorum
1072 2487 1190 2550 uirium
1204 2506 1330 2569 quoque
1341 2506 1462 2569 reprae-

313 2593 521 2657 sentationem
538 2592 762 2675 pollicebatur:
784 2614 915 2677 exurge
935 2597 971 2657 et
990 2593 1085 2659 tolle
1104 2593 1322 2677 grabattum
1344 2596 1460 2668 tuum,
1476 2607 1500 2647 ιι

313 2699 472 2763 simult
439 2704 472 2763 ιι
500 2701 595 2765 animi
625 2701 768 2784 uigorem
792 2700 831 2763 ad
860 2704 965 2764 nont
951 2700 1110 2764 timendos
1139 2701 1195 2783 qui
1218 2700 1334 2763 dicturi
1359 2706 1459 2766 erant·

312 2805 396 2887 quis
422 2806 573 2870 dimitte
537 2809 772 2889 tetpeccata
795 2805 869 2870 nisi
894 2807 999 2870 solus
1020 2806 1132 2870 deus?
1151 2805 1295 2869 babes't
1268 2810 1295 2868 ιι
1297 2826 1380 2887 aque
1399 2807 1460 2871 iam

312 2916 345 2977 ιι
369 2912 515 2993 specialis
540 2913 715 2977 medicinae
739 2913 941 2994 dispunctam
965 2913 1163 2997 prophetiam
1185 2916 1356 2990 eteorum,
1382 2932 1461 2996 quae

311 3018 500 3083 medicinam
538 3024 612 3083 sunt
649 3025 768 3084 secuta.
812 3021 928 3102 pariter
965 3024 997 3083 et
1034 3020 1234 3085 dimissorem
1271 3018 1460 3085 delictorum

312 3124 475 3190 Christum
489 3143 679 3209 recognosce
690 3126 773 3207 apud
788 3126 923 3189 eundem
938 3127 1139 3209 prophetam:
1152 3128 1335 3208 quoniam,
1349 3127 1460 3208 iuquit.
1477 3140 1500 3180 ὅ

311 3231 347 3294 in
375 3232 553 3314 plurimis
579 3232 749 3297 dimittet
772 3233 917 3296 delicta
940 3252 1077 3311 eorum,
1107 3236 1143 3296 et
1166 3233 1307 3297 delicta
1330 3238 1460 3297 nostra

310 3338 392 3419 ipse
420 3340 577 3406 auferet.
602 3359 673 3403 nam
699 3343 731 3403 et
753 3340 784 3403 in
814 3340 950 3420 primore
979 3360 1015 3403 ιι
1042 3339 1145 3421 ipsius
1169 3339 1288 3403 domini
1311 3358 1458 3420 persona:

397 3548 424 3616 8]
439 3548 538 3604 Matth.
559 3550 583 3610 5,
599 3549 641 3601 17.
699 3550 740 3617 13]
761 3548 795 3602 cf.
815 3548 878 3602 Luc.
899 3549 925 3614 5,
947 3549 1059 3603 17-26.
1117 3548 1233 3618 14-17]
1252 3546 1297 3601 Ει.
1316 3548 1360 3611 35,
1381 3548 1457 3602 2-4.

310 3638 353 3706 20]
374 3637 437 3691 Luc.
457 3640 481 3705 5,
502 3638 545 3690 24.
599 3637 645 3706 22]
665 3636 729 3690 Luc.
749 3640 774 3693 5.
794 3638 838 3691 21.
893 3637 939 3707 25]
957 3637 1002 3692 Ει.
1022 3639 1065 3706 53,
1087 3638 1127 3690 ιι.

347 3744 358 3795 ι
381 3744 532 3811 perstitisse
551 3742 679 3797 Oelrlerna
715 3744 927 3811 isuperuacuus
942 3768 975 3789 =
989 3742 1048 3797 oieb
1067 3742 1115 3796 dar
1132 3742 1221 3797 Mathe
1240 3742 1286 3797 dea
1304 3742 1460 3797 Verbietena

310 3832 364 3899 (als
383 3832 457 3885 einer
475 3832 544 3886 doch
563 3832 756 3901 cerpeblicben)
778 3832 936 3886 entaiebend
989 3833 1006 3884 6
1026 3832 1125 3900 pellam
1144 3833 1322 3899 laistrano
1336 3850 1370 3887 m.
1386 3839 1411 3899 1]
1425 3832 1461 3885 Μ

310 3922 324 3972 7
345 3922 483 3989 praecepit
496 3922 538 3987 Μ,
558 3922 691 3990 praecipit
705 3922 732 3975 R
771 3923 802 3974 12
819 3921 968 3975 eradicasse
982 3920 1082 3983 ΜΕΝ,
1097 3922 1211 3975 erasisse
1225 3921 1298 3973 Pom
1352 3925 1458 3974 nostros

308 4007 356 4072 12³,
371 4014 477 4062 nostras
489 4008 562 4063 ΜΙιι
601 4010 632 4063 16
644 4010 779 4079 gloriam?
794 4012 893 4079 <quam
908 4011 1025 4067 disserit.
1040 4010 1287 4078 subiciens:>sort.
1326 4012 1358 4063 17
1371 4026 1406 4063 ne
1415 4010 1456 4065 Μ.

308 4114 358 4151 nec
376 4097 497 4168 Rorrlpo
555 4098 586 4151 18
606 4116 639 4151 ne
660 4100 701 4163 Μ,
721 4098 906 4168 necRualpo
959 4102 995 4153 20
1014 4100 1170 4167 grabattum
1184 4098 1227 4159 Μ,
1246 4098 1457 4176 grabbatumF,

309 4184 452 4255 grabatum
462 4186 490 4240 R
500 4187 583 4255 uulgo
620 4188 654 4239 22
666 4187 788 4241 dimittet
798 4188 841 4250 Μ,
855 4187 969 4241 dimittit
979 4188 1007 4242 R
1047 4188 1080 4238 25
1097 4188 1223 4255 quoniam
1232 4186 1275 4253 Μ,
1288 4188 1422 4255 quomodo
1431 4186 1458 4241 R

308 4277 343 4328 27
363 4274 467 4328 auferet
486 4276 584 4343 scripsi
603 4280 646 4341 (=
658 4275 779 4343 draiton:
800 4277 889 4329 aulert
906 4275 968 4330 MR
1039 4277 1157 4345 primore
1171 4274 1213 4344 Μ,
1232 4276 1321 4345 priora
1338 4275 1456 4347 Rmrqo
