3250 4959
418 365 468 418 111.
488 366 653 420 Aduersus
672 367 904 436 Hermogenem
927 367 1002 420 1-2.
1226 372 1287 434 127

134 560 215 623 mihi
242 561 386 642 quaestio
411 563 468 624 est.
496 558 682 648 [Christum]
708 560 801 624 deum
831 580 891 624 non
921 561 1018 625 alium
1043 563 1171 627 uidetur
1195 583 1289 646 agno-

136 685 241 737 scere:
272 667 370 730 alium
399 669 503 730 tamen
533 666 609 730 fecit
637 685 730 748 quem
756 667 848 730 aliter
871 668 1026 752 agnoscit.
1050 669 1148 733 immo
1172 672 1288 748 totum,

135 773 222 854 qnod
249 777 300 837 est
323 773 413 850 dene,
439 772 549 852 aufert,
572 773 682 837 uolens
706 773 799 836 illum
821 793 855 837 ex
875 774 975 838 nihilo
996 775 1145 839 uniuersa
1165 775 1288 841 fecisse.

136 899 153 942 a
186 879 380 944 Christianis
410 879 493 944 enim
522 879 560 943 ad
589 879 794 962 philosophos
825 869 1007 958 conuersus,
1032 881 1070 944 de
1099 883 1288 949 ecclesisis

106 986 333 1050 sacudemiam
364 990 396 1050 et
423 987 589 1068 porticum,
621 986 694 1050 inde
727 987 866 1068 sumpsit
899 983 928 1072 [a
961 986 1089 1075 Stoicis]
1123 989 1286 1053 materiam

137 1113 209 1156 cnm
230 1092 290 1156 deo
310 1111 434 1176 ponere,
460 1111 539 1175 quae
559 1096 591 1156 et
609 1093 679 1174 ipsa
698 1111 823 1174 semper
842 1093 947 1169 fuerit,
968 1112 1070 1175 neque
1089 1097 1162 1157 nata
1186 1113 1288 1176 neque

135 1197 221 1262 facta
240 1218 298 1263 nec
316 1199 443 1262 initium
463 1198 582 1262 habens
603 1197 727 1262 omnino
748 1217 805 1262 nee
824 1198 929 1269 finem,
950 1217 985 1262 er
1005 1219 1067 1281 qua
1087 1199 1164 1264 dens
1185 1201 1289 1264 omnia

137 1311 249 1386 postea
273 1306 393 1370 fecerit.
858 1312 861 1319 “

180 1413 212 1476 2.
247 1413 338 1476 Hanc
375 1413 508 1495 primam
546 1413 702 1490 umbram,
734 1411 827 1494 plane
866 1413 934 1477 sine
970 1412 1101 1486 lumine,
1137 1413 1287 1494 pessimis

99 1517 241 1598 sopietur
264 1519 319 1583 ille
343 1519 672 1602 argumentationibus
698 1519 862 1583 colorauit.
887 1523 1090 1602 praestruens
1115 1523 1170 1584 eut
1193 1519 1288 1584 deum

140 1624 174 1687 de
198 1627 374 1708 semetipso
399 1626 513 1691 fecisse
540 1630 652 1690 cuncta
681 1629 736 1689 aut
760 1625 798 1689 de
826 1626 925 1689 nihilo
955 1630 1010 1689 aut
1034 1625 1071 1688 de
1097 1626 1214 1708 aliquo,
1238 1629 1286 1691 ut.

139 1749 207 1794 cum
234 1733 410 1796 ostenderit
434 1751 535 1814 neque
560 1752 595 1796 ex
620 1733 791 1814 semetipso
817 1733 932 1796 fecisse
957 1732 1102 1815 potuisse
1127 1752 1228 1814 neque
1252 1751 1287 1796 ex

139 1837 246 1914 nihilo,
273 1839 358 1922 quod
382 1842 528 1921 superest
552 1838 660 1902 exinde
685 1839 856 1917 confirmet,
886 1858 922 1903 er
945 1839 1051 1920 aliquo
1076 1858 1148 1902 eum
1171 1839 1286 1902 fecisse

140 1949 231 2026 atque
255 1946 303 2009 ita
326 1945 446 2027 aliquid
468 1944 548 2008 illud
568 1945 732 2008 materiam
752 1944 864 2009 fuisse.
889 1950 984 2029 negat
1001 1945 1093 2009 illurn
1118 1965 1152 2008 er
1171 1950 1286 2011 semct-

104 2051 205 2132 eipso
234 2053 338 2117 facere
367 2053 522 2133 potuisse,
552 2053 625 2134 quia
652 2055 757 2135 partes
782 2052 884 2133 ipsius
909 2052 1045 2116 fuissent
1069 2072 1286 2136 quaecumque

141 2177 173 2222 er
196 2159 369 2243 semetipso
395 2159 525 2224 iecisset
554 2159 646 2232 deus;
676 2179 768 2240 porro
793 2159 824 2222 in
850 2164 955 2241 partes
980 2180 1041 2225 non
1070 2161 1227 2240 deuenire,
1251 2163 1287 2224 ut

140 2265 365 2332 indiuisibilem
389 2269 421 2330 et
443 2265 704 2330 indemutabilem
725 2269 756 2329 et
776 2266 910 2330 eundem
934 2286 1068 2349 semper,
1093 2286 1155 2349 qna
1179 2267 1285 2331 deum.

141 2375 277 2436 ceterum
296 2371 322 2436 si
343 2372 381 2436 de
401 2373 572 2454 semetipso
592 2373 731 2450 iecisset,
753 2372 873 2454 aliquid
892 2373 994 2455 ipsius
1014 2373 1122 2437 fuisse.
1143 2371 1285 2460 {aliquid}

142 2495 228 2543 omne
263 2483 381 2556 autem,
417 2483 449 2543 et
481 2479 566 2560 quod
599 2479 687 2544 fieret
721 2481 752 2542 et
786 2479 870 2561 quod
903 2479 1030 2554 faceret,
1063 2480 1286 2562 imperfectum

106 2583 328 2663 shabentem,
362 2587 437 2668 quia
465 2605 500 2650 ex
531 2590 620 2668 parte
652 2585 742 2649 fieret
775 2591 806 2649 et
840 2605 875 2649 ex
903 2591 991 2668 parte
1019 2586 1146 2653 faceret.
1175 2590 1230 2650 aut
1258 2586 1285 2650 si

142 2693 222 2754 totus
250 2695 357 2756 totum
387 2692 527 2766 fecisset,
553 2693 732 2774 oportuisse
760 2693 852 2755 illurn
883 2693 980 2755 simul
1008 2696 1038 2757 et
1063 2691 1189 2778 [totum]
1214 2712 1283 2756 esse

145 2801 172 2858 et
192 2818 250 2863 non
274 2819 356 2877 esse,
382 2799 455 2881 quia
478 2802 639 2882 oporteret
662 2803 693 2863 et
717 2795 845 2886 [totum]
872 2818 952 2875 esse,
973 2804 1009 2862 ut
1027 2800 1145 2863 faceret
1169 2801 1283 2864 semet-

143 2900 250 2984 ipsum,
275 2909 307 2970 et
333 2901 460 2992 [totum]
485 2924 545 2970 non
570 2923 651 2982 esse,
675 2910 712 2969 ut
734 2905 824 2969 fieret
849 2906 886 2968 de
907 2907 1089 2988 semetipso.
1108 2905 1172 2988 (id)
1190 2924 1282 2989 porro

145 3007 370 3077 difficillimum.
400 3013 428 3075 si
456 3015 539 3077 enirn
564 3017 659 3086 esset,
688 3031 747 3076 non
776 3011 875 3079 fieret.
905 3017 991 3075 esset
1019 3013 1118 3087 enim3
1152 3012 1178 3077 si
1206 3032 1282 3076 uero

108 3131 196 3180 isson
232 3123 327 3196 esset,
366 3139 427 3183 non
459 3121 585 3195 feceret,
624 3121 697 3202 quis
729 3121 808 3183 nibil
842 3126 937 3184 esset.
972 3141 1042 3184 eum
1076 3125 1193 3197 autem,
1228 3121 1282 3202 qni

146 3240 258 3307 semper
296 3229 349 3306 sit,
387 3247 447 3290 non
480 3227 546 3291 fieri
584 3227 639 3290 sed
672 3247 742 3290 esse
775 3227 866 3290 ilium
905 3226 937 3288 in
971 3244 1087 3289 aenum
1120 3244 1280 3290 seuerum.

178 3448 189 3501 1
204 3449 340 3505 Christum
355 3452 453 3505 seclusi
507 3450 585 3504 deum
600 3453 713 3520 scripsi:
728 3451 864 3504 drmrinom
876 3451 937 3505 ΡΝ
942 3451 1034 3520 sculpo.
1050 3466 1100 3502 om.
1115 3451 1145 3503 F
1197 3467 1281 3519 agno·

147 3551 210 3591 scere
226 3541 259 3604 F,
280 3541 361 3594 aliter
380 3557 524 3609 agnoscere
538 3540 655 3609 Puulpo,
675 3541 754 3593 aliter
774 3556 935 3608 cognoscere
952 3540 978 3594 N
1024 3541 1042 3591 4
1057 3557 1072 3591 a
1087 3555 1138 3593 om.
1154 3539 1184 3591 F
1246 3539 1280 3591 ad

147 3624 309 3700 philosophos
338 3647 483 3685 conuersus
512 3629 575 3692 NF,
605 3646 748 3683 conuersus
777 3630 811 3682 ad
839 3629 1016 3708 philosophos
1044 3629 1071 3680 P
1082 3629 1166 3696 culpo
1221 3630 1237 3680 5
1265 3647 1280 3681 e

149 3711 234 3771 Stoicis
259 3719 360 3772 seclusi
414 3721 429 3773 6
454 3719 504 3770 deo
527 3719 642 3786 scripsi:
669 3718 776 3771 domino
803 3718 886 3770 PNF
940 3718 954 3769 7
981 3735 1010 3769 ex
1035 3733 1089 3786 que
1107 3717 1142 3777 P,
1166 3721 1194 3768 et
1218 3718 1281 3785 qnia

149 3800 199 3854 NF
261 3811 329 3862 deus
355 3793 466 3875 scripsi:
495 3807 618 3860 dominns
642 3808 726 3860 PNF
784 3811 799 3862 9
829 3808 953 3876 pessimis
980 3807 1067 3875 pictor
1094 3807 1142 3858 ille
1169 3808 1280 3874 scripsi:

148 3894 265 3956 pessimos
285 3899 375 3967 pictor
394 3897 447 3950 iliis
467 3897 553 3949 PM*
605 3898 638 3950 10
653 3896 732 3949 deum
746 3898 858 3964 scripsi:
877 3895 1016 3948 dominum
1030 3894 1115 3947 PNF
1169 3897 1200 3947 16
1215 3894 1280 3948 deus

148 3981 243 4050 scripsi:
261 3985 387 4038 dominus
403 3985 487 4038 PNF
523 3987 555 4038 17
572 4003 624 4054 qua
638 3984 716 4037 deum
731 3986 843 4052 scripsi:
863 4001 915 4052 qua
935 3983 1059 4036 donrinus
1071 3983 1160 4036 PNF
1194 3985 1226 4036 le
1242 3984 1254 4035 1
1270 4015 1280 4023 -

150 4068 219 4125 risset
235 4075 346 4144 aliquid,
365 4075 451 4143 ipsius
469 4076 552 4144 sculpo
626 4075 729 4143 aliquid
747 4076 846 4128 ..seclusi
894 4074 926 4128 21
944 4078 1030 4126 totum
1051 4075 1149 4125 seclusi
1203 4076 1281 4126 sset.

152 4168 196 4208 ¹¹01¹
212 4177 265 4218 esse
283 4165 396 4232 scripsi:
420 4168 447 4216 et
466 4180 518 4216 non
538 4167 626 4216 toturn
649 4163 734 4216 PNF
805 4169 893 4215 totum
917 4163 1016 4216 seclusi
1079 4163 1113 4214 23
1133 4167 1220 4213 toturn
1240 4179 1279 4214 sc·

152 4242 209 4299 clusi
273 4253 302 4306 id
323 4251 389 4306 arici.
409 4251 465 4304 Irrri
