3250 4959
374 419 435 475 VII.
454 419 621 474 Aduersus
639 420 839 474 Marcionem
858 420 906 475 lib.
924 419 980 474 1111
998 421 1112 475 38-39.
1259 425 1325 488 553

177 617 370 692 uenientem,
390 615 444 699 qui
465 615 561 680 alium
581 616 612 680 in
632 613 757 694 nomine
777 615 846 680 eius
865 615 1030 698 recepisti!
1099 614 1273 682 Videamus
1293 619 1326 682 et

177 742 257 806 quae
272 722 362 806 signa
380 722 577 806 temporibus
597 722 753 804 imponat:
773 722 869 798 bella,
889 722 1007 806 opinor,
1028 725 1060 787 et
1077 742 1211 807 regnum
1229 742 1325 807 super

176 849 309 913 reguum
333 830 366 892 et
384 831 511 914 gentem
531 847 626 911 super
644 831 771 913 gentem
796 835 829 892 et
846 831 971 910 pestem
990 831 1023 893 et
1040 829 1140 894 fames
1158 831 1324 913 terraeque

176 939 283 1000 motus
307 937 340 1000 et
362 933 547 999 formidines
572 937 604 999 et
627 934 772 1018 prodigia
795 934 834 998 de
857 934 955 1013 caelo,
980 953 1061 1018 quae
1085 934 1190 999 omnia
1211 953 1323 1003 seuero

142 1043 210 1106 set
232 1041 330 1106 atroci
353 1040 412 1105 deo
436 1043 625 1125 congruunt.
649 1040 727 1106 baec
751 1060 825 1106 eum
848 1040 947 1106 adicit
964 1039 1062 1106 etiam
1082 1044 1227 1124 oportere
1245 1042 1322 1120 fieri,

176 1167 269 1231 quem
303 1166 338 1212 se
374 1149 534 1229 praestat?
571 1147 801 1212 destructorem
838 1165 877 1211 an
913 1147 1113 1231 probatorem
1151 1149 1322 1214 creatoris?

175 1255 266 1320 cuius
287 1253 512 1337 dispositiones
532 1253 695 1319 confirmat
713 1252 840 1338 impleri
859 1257 1014 1339 oportere,
1029 1271 1108 1336 quas
1126 1257 1164 1318 ut
1183 1254 1322 1338 optimus

173 1365 240 1425 tam
254 1361 363 1425 tristes
383 1377 478 1444 quam
497 1363 619 1425 atroces
639 1359 828 1426 abstulisset
846 1359 954 1445 potius
974 1379 1069 1443 quam
1088 1360 1320 1440 constituisset,

173 1466 201 1531 si
224 1486 286 1532 non
305 1467 407 1552 ipsius
425 1467 571 1532 fuissent.
592 1469 664 1531 ante
684 1467 762 1532 baec
782 1471 891 1533 autem
909 1466 1148 1549 persecutiones
1168 1467 1214 1532 eis
1232 1486 1320 1550 prae

128 1573 259 1638 mdical
281 1577 314 1638 et
335 1573 500 1657 passiones
525 1575 706 1652 euenturas,
729 1573 761 1638 in
785 1573 973 1656 martyrium
995 1572 1107 1656 utique
1131 1576 1164 1638 et
1184 1573 1217 1638 in
1237 1576 1321 1640 salu·

172 1683 249 1745 tem.
267 1680 374 1764 accipe
393 1679 610 1762 praedicatum
629 1679 661 1744 in
681 1679 848 1745 Zacharia:
868 1680 1052 1760 domiuus,
1074 1681 1188 1763 inquit,
1209 1681 1320 1746 omni-

172 1790 305 1870 potens
329 1789 506 1872 proteget
530 1805 592 1852 eos
618 1788 654 1850 et
674 1790 898 1852 consument
916 1786 1019 1867 illos,
1038 1791 1074 1852 et
1093 1786 1322 1870 lapidabunt

172 1894 369 1978 lapidibus
397 1893 533 1958 lundae
562 1896 598 1957 et
627 1893 758 1958 bibent
785 1895 1008 1978 sanguinem
1031 1894 1187 1959 illorum
1209 1895 1320 1960 uelut

171 2003 299 2068 uinum
328 2005 365 2067 et
391 2001 596 2084 replebunt
623 2003 773 2084 pateras
803 2001 919 2085 quasi
940 2001 1087 2079 altaris,
1122 2005 1159 2066 et
1188 2001 1319 2066 saluos

126 2132 152 2173 rs
173 2127 236 2174 eos
254 2109 372 2174 faciet
388 2107 560 2173 dominus
578 2107 648 2171 illo
669 2107 728 2172 die
747 2106 857 2172 uelut
875 2125 977 2184 oues,
992 2107 1175 2189 populum
1194 2126 1315 2185 suum,

171 2215 260 2299 quia
290 2214 439 2298 lapides
471 2213 593 2279 sancti
626 2213 812 2278 uolutant.
847 2216 879 2278 et
907 2232 946 2278 ue
970 2217 1063 2296 putes
1087 2213 1165 2278 haec
1188 2213 1222 2279 in
1245 2231 1317 2297 pas·

171 2321 277 2386 siones
300 2319 483 2404 praedicari,
507 2339 586 2402 quae
605 2320 678 2384 illos
697 2322 747 2386 tot
764 2319 921 2384 bellorum
939 2319 1067 2384 nomine
1086 2321 1124 2384 ab
1145 2319 1316 2403 allophylis

170 2427 349 2504 manebant,
373 2427 497 2511 respice
521 2426 560 2490 ad
585 2427 719 2508 species.
744 2446 837 2493 nemo
860 2427 892 2492 in
911 2426 1144 2510 praedicatione
1162 2425 1319 2491 bellorum

169 2534 325 2618 legitimis
348 2534 444 2598 armis
468 2533 726 2598 debellandorum
749 2533 977 2616 lapidationem
1001 2536 1166 2599 enumerat
1187 2533 1318 2618 popula·

123 2668 152 2708 ao
169 2641 258 2706 ribus
291 2641 436 2706 coetibus
469 2641 572 2724 magis
606 2643 638 2704 et
661 2641 773 2704 inermi
805 2641 959 2705 tumultui
992 2640 1196 2716 familiarem
1225 2658 1317 2704 nemo

168 2750 258 2814 tanta
279 2749 311 2812 in
334 2747 419 2813 bello
444 2746 607 2830 sauguinis
631 2745 763 2811 flumina
785 2749 964 2830 paterarum
989 2746 1164 2829 capacitate
1186 2745 1319 2810 metitur

169 2856 227 2919 aut
257 2854 353 2919 unius
381 2853 489 2918 altaris
518 2852 727 2919 cruentationi
757 2852 927 2934 adaequem
956 2870 1047 2916 nemo
1077 2870 1155 2916 oues
1179 2851 1318 2934 appellat

169 2981 235 3038 eos,
269 2961 323 3043 qui
355 2959 387 3024 in
420 2959 503 3026 bello
534 2961 646 3025 armati
675 2963 707 3024 et
729 2959 792 3042 ipsi
817 2978 853 3024 er
877 2959 987 3023 eadem
1010 2959 1137 3024 feritate
1161 2961 1317 3023 certantes

169 3067 296 3146 cadunt,
326 3067 381 3132 sed
409 3067 465 3150 qui
492 3067 523 3132 in
553 3087 611 3132 sua
638 3067 831 3150 proprietate
860 3069 956 3148 atque
983 3065 1138 3147 patientia
1166 3065 1316 3129 dedentes

122 3201 150 3242 aa
169 3176 276 3258 potius
314 3174 505 3256 semetipsos
545 3191 641 3256 quam
677 3173 876 3237 uindicantes
912 3170 1122 3237 trucidantur.
1165 3170 1315 3254 denique:

170 3281 258 3364 quia
284 3281 445 3363 lapides,
478 3281 594 3363 iuquit,
624 3279 747 3344 sancti
777 3280 964 3348 uolutant.
993 3297 1054 3343 non
1078 3276 1166 3361 ‘quia
1191 3277 1313 3343 milites

166 3392 329 3473 pugnant‘.
356 3387 479 3470 lapides
508 3387 592 3452 enirn
620 3390 695 3452 sunt
722 3389 754 3451 et
779 3385 996 3462 fundamenta,
1025 3403 1121 3466 super
1148 3402 1229 3467 quae
1258 3403 1315 3449 nos

167 3495 380 3574 aedificamur,
413 3494 563 3560 exstructi
597 3493 771 3560 secundum
803 3492 941 3557 Paulum
979 3511 1076 3574 super
1112 3491 1317 3556 fundamenta

168 3603 395 3688 apostolorum,
433 3601 487 3684 qul
527 3600 649 3683 lapides
688 3599 791 3665 saneti
825 3597 965 3682 oppositi
1007 3598 1148 3662 omnium
1181 3596 1315 3663 offensui

255 3829 283 3898 2]
304 3827 337 3882 cl.
356 3827 421 3882 Luc.
440 3827 483 3890 21,
503 3825 599 3882 9-11.
672 3825 699 3894 5]
721 3823 754 3879 el.
773 3823 838 3878 Luc.
857 3823 900 3888 21,
920 3824 945 3878 9.
1018 3824 1047 3893 9]
1068 3823 1101 3878 el.
1121 3823 1185 3877 Luc.
1205 3823 1250 3886 21,
1271 3821 1313 3876 la.

168 3917 213 3988 11]
232 3916 310 3972 Zaeb.
329 3917 355 3985 9,
375 3915 490 3971 15-16.
544 3915 590 3983 26]
611 3913 689 3968 Zach.
710 3915 734 3977 9,
756 3913 798 3966 16.
854 3911 898 3982 27]
920 3911 952 3966 cf.
972 3911 1043 3981 pr.
1063 3911 1088 3980 1,
1107 3912 1151 3966 20.

203 4060 216 4113 1
237 4057 355 4114 alienum
377 4057 429 4112 Gal
514 4059 529 4110 2
548 4057 672 4125 imponat
689 4055 725 4124 R,
744 4056 887 4124 imponant
905 4054 970 4108 ΜΡ
1053 4055 1088 4109 10
1107 4057 1251 4108 euenturas
1269 4053 1312 4113 Μ,

165 4151 294 4202 uenturas
312 4145 434 4216 Ruulpo
525 4146 556 4199 ll
578 4145 670 4214 accipe
688 4144 724 4212 R,
748 4145 870 4213 accipere
893 4143 958 4198 ΜΡ
1045 4144 1073 4196 in
1097 4169 1111 4194 ι
1133 4142 1257 4196 aacbaria
1279 4140 1315 4194 M

166 4237 200 4291 16
219 4237 283 4306 quia
300 4235 388 4290 Pam:
410 4236 456 4305 qui
474 4235 536 4289 MR
609 4233 642 4287 26
663 4234 725 4302 quia
744 4233 828 4287 Pam:
850 4233 897 4302 qni
915 4232 977 4286 MR
1049 4232 1085 4285 28
1105 4230 1312 4288 tundamentum

169 4324 298 4382 Oeblenss
