3250 4959
360 369 422 434 150
575 337 691 432 ournu
712 367 854 437 Septimi
872 367 1042 420 urorenns
1059 367 1265 422 corruncani

358 562 488 637 lenirem,
506 559 619 624 dehinc
635 559 695 624 etei
711 579 747 623 ea
762 559 805 623 eit
820 558 1014 634 condicione,
1030 562 1140 623 utnon
1157 560 1259 640 possit
1272 561 1347 641 <non
1367 560 1509 641 lactum)

359 667 459 730 uideri
485 685 521 730 ex
549 667 666 748 aliquo,
694 665 824 750 proinde
853 665 1086 747 periclitabitur
1113 684 1149 729 ex
1176 665 1238 729 alio
1261 666 1356 748 longo
1383 665 1508 730 factum

359 773 461 838 uideri
489 791 581 856 quarn
611 793 647 837 ox
676 792 737 856 quo
766 772 886 837 factum
915 774 974 846 est,
1006 771 1083 836 duim
1111 789 1172 836 non
1202 772 1397 854 proponitur,
1425 771 1509 836 unde

359 879 553 945 sitientum.
577 881 622 944 ita
647 880 674 944 si
698 899 733 943 er
758 878 857 943 nihilo
883 877 961 942 deus
986 881 1099 941 cuncta
1118 876 1205 954 facit,
1224 877 1331 958 potuit
1349 878 1509 960 scriptura

359 1005 419 1049 non
445 985 600 1051 adiecisse
623 986 714 1049 illurn
740 1005 774 1048 er
804 984 904 1048 nihilo
929 984 1054 1050 fecisse.
1079 1001 1115 1048 ex
1143 983 1274 1048 materia
1298 1003 1371 1048 eum
1389 984 1509 1048 secisse
1534 1008 1545 1048 s

359 1092 442 1154 omni
471 1090 564 1155 rnodo
594 1091 706 1155 debuit
733 1090 878 1164 edixisse,
902 1090 946 1171 <oi
966 1089 1107 1171 eci>licet
1138 1108 1174 1153 ex
1201 1090 1334 1153 materie
1360 1089 1508 1154 lecisset:

360 1197 433 1279 quia
457 1197 537 1261 illud
560 1197 590 1261 in
614 1200 719 1262 totunr
743 1196 882 1260 habebat
904 1195 1057 1278 intellegi,
1082 1195 1160 1282 etsi
1185 1214 1244 1259 non
1265 1195 1508 1279 significaretur,

360 1309 392 1368 at
415 1303 501 1368 istud
525 1304 557 1367 in
581 1303 687 1378 dubio,
712 1303 773 1366 nisi
797 1301 1038 1388 significaretur.

404 1411 455 1475 22.
478 1411 583 1492 Atque
607 1409 684 1473 adeo
709 1409 841 1492 spiritus
866 1412 995 1474 sanctus
1018 1409 1098 1472 hunc
1118 1407 1294 1489 scripturae
1313 1427 1389 1472 suae
1412 1408 1506 1473 ratio-

359 1535 429 1580 nem
462 1517 640 1594 const'tuit‚
669 1517 715 1592 ut,
745 1534 817 1579 curn
847 1514 923 1597 quid
952 1534 988 1578 ox
1016 1515 1121 1597 aliquo
1150 1514 1195 1591 fit,
1229 1519 1262 1579 et
1294 1514 1379 1596 quod
1410 1513 1450 1580 fit
1477 1520 1543 1578 eto

360 1623 441 1688 unde
478 1621 514 1687 fit
549 1623 674 1686 referat
713 1623 881 1698 fruticet,
914 1621 1029 1702 inquit,
1067 1624 1168 1685 terra
1205 1620 1355 1685 herbam
1393 1620 1503 1687 foeni.

359 1730 606 1794 seminantem
649 1747 773 1793 semen
818 1727 1023 1793 secundum
1066 1747 1184 1811 genus
1226 1731 1263 1791 et
1299 1727 1503 1792 secundum

361 1836 667 1911 similitudinem,
707 1841 742 1899 et
778 1835 924 1919 lignum
962 1834 1200 1900 fructuosum
1233 1833 1378 1898 faciens
1409 1832 1504 1899 fruc-

362 1948 451 2020 tum,
477 1943 587 2006 cuiue
612 1961 735 2006 semen
756 1941 790 2005 in
811 1941 893 2023 ipso
917 1941 952 2005 in
978 1940 1282 2006 similitudinem.
1305 1944 1342 2003 et
1363 1941 1503 2004 facturn

361 2054 420 2113 est
447 2050 511 2112 sic.
547 2054 584 2112 et
611 2047 790 2130 produxit
817 2051 918 2112 terra
949 2047 1101 2112 herbam
1129 2048 1231 2112 foeni
1260 2047 1503 2137 seminantem
1520 2068 1541 2110 u

361 2174 487 2219 semen
508 2155 713 2218 secundum
735 2173 863 2238 genno,
884 2159 920 2219 et
939 2155 1083 2239 lignum
1104 2155 1342 2219 fructuosum
1361 2154 1503 2219 sacione

360 2263 535 2334 fructum,
557 2261 666 2326 cuius
691 2281 815 2326 semen
834 2261 870 2324 in
889 2263 975 2343 ipso
999 2263 1035 2325 in
1056 2261 1361 2326 similitudinem.
1385 2266 1417 2326 et
1439 2281 1503 2324 rur-

363 2387 434 2431 sus:
456 2371 492 2432 et
506 2368 603 2432 dixit
622 2368 729 2432 derra:
749 2368 961 2449 producant
977 2387 1093 2450 aquae
1112 2369 1282 2451 repentia
1301 2369 1502 2432 animarum

362 2475 533 2538 ulnarum
556 2479 593 2538 et
611 2474 792 2539 uolatilia
810 2475 983 2540 uolantia
1006 2479 1270 2559 superterram
1295 2494 1359 2556 per
1383 2475 1503 2539 firma-

363 2584 528 2644 rnentnm
559 2581 667 2646 caeli.
698 2581 897 2645 etinctum
927 2587 985 2646 eet
1009 2582 1072 2646 sic.
1098 2584 1135 2646 et
1161 2580 1254 2645 fecit
1282 2581 1373 2645 deus
1399 2585 1539 2646 cetoen

361 2705 513 2770 magnos
537 2690 573 2751 et
597 2705 736 2752 ornnem
758 2687 916 2752 animam
936 2689 1155 2754 animalium
1174 2688 1397 2770 repentium,
1413 2707 1502 2772 quae

361 2792 619 2875 produxerunt
638 2812 754 2876 aquae
775 2794 981 2858 secundum
1002 2814 1118 2880 genus
1133 2796 1309 2877 ipsorum.
1324 2794 1402 2859 item
1415 2800 1501 2876 post:

361 2905 397 2962 et
417 2899 512 2963 dirit
531 2899 639 2963 deus:
660 2900 845 2981 producat
863 2905 963 2964 terra
981 2901 1137 2965 animam
1156 2902 1280 2966 uiuam
1301 2900 1500 2965 secundum

362 3024 491 3090 genus,
511 3006 769 3090 quadrupedia
790 3012 827 3072 et
840 3009 1011 3090 repentia
1029 3011 1066 3072 et
1083 3009 1227 3073 bestias
1242 3012 1363 3073 terrae
1379 3027 1501 3073 eecnn-

362 3112 444 3176 dum
470 3131 589 3196 genus
613 3113 791 3196 ipsorum.
821 3114 847 3178 si
872 3133 946 3198 ergo
972 3134 1007 3178 er
1030 3115 1094 3178 iarn
1118 3114 1210 3179 factis
1233 3114 1329 3178 rebus
1352 3114 1431 3180 alias
1453 3132 1502 3178 ree
1517 3135 1540 3175 as

357 3339 360 3344 ,
452 3321 496 3390 11]
518 3321 584 3376 oen.
607 3322 691 3388 r,11.
714 3323 755 3376 12.
812 3320 1113 3392 intentanti.
1167 3323 1411 3392 cartennae.

398 3446 409 3498 l
436 3449 467 3497 ut
493 3461 547 3498 non
576 3445 663 3514 possit
689 3447 761 3512 <non
789 3443 913 3513 facturn>
935 3444 1021 3499 uideri
1044 3446 1156 3515 scripsi:
1178 3449 1285 3500 utnon
1308 3448 1397 3517 poenit
1415 3447 1504 3516 (non)

361 3533 445 3588 uideri
469 3533 530 3601 Rip,
555 3538 587 3591 ut
609 3533 719 3586 omnino
742 3533 831 3602 poerit
852 3533 939 3587 uideri
966 3533 1097 3588 Oelrleruo
1150 3534 1265 3598 llecit
1287 3536 1379 3606 potuit
1393 3539 1497 3606 empti.

360 3623 456 3676 secisse
474 3622 564 3691 potuit
578 3620 612 3684 F,
628 3621 724 3675 fecisse
743 3639 796 3674 nou
812 3623 903 3691 potuit
916 3621 976 3675 ΡΝ
991 3623 1105 3690 (probat
1118 3639 1172 3676 non
1185 3623 1257 3693 Eup,
1272 3625 1321 3692 qui
1328 3630 1394 3693 pont
1407 3625 1503 3679 lecim

360 3713 388 3780 (l.
408 3716 433 3776 5)
452 3712 560 3780 ciocum
579 3710 804 3777 interroqolc'onin
820 3711 911 3778 ponit)
948 3712 964 3762 5
983 3709 1115 3764 adiecisse
1129 3710 1166 3778 F,
1184 3710 1330 3766 adiecieaet
1342 3712 1400 3766 ΡΝ
1433 3713 1502 3780 o<n

360 3801 482 3868 oci>lioet
501 3799 577 3868 Eup:
600 3799 666 3852 licet
684 3797 773 3860 PNF,
798 3801 821 3851 ai
846 3804 874 3852 et
896 3799 949 3853 Uro
1003 3800 1017 3852 7
1042 3800 1070 3852 in
1093 3805 1181 3853 totum
1204 3799 1271 3854 Uro:
1293 3801 1320 3853 in
1343 3804 1404 3854 toto
1423 3799 1506 3855 PNF

361 3891 377 3942 8
397 3889 659 3958 at-significaretur
681 3902 733 3940 oon.
756 3887 786 3939 F
840 3889 873 3941 10
896 3887 988 3956 aliquo
1006 3886 1042 3954 R,
1066 3888 1159 3956 aliquo
1178 3905 1232 3958 qno
1251 3887 1314 3952 ΡΝ,
1332 3889 1387 3942 alio
1407 3906 1460 3959 quo
1477 3887 1506 3941 F

363 3979 393 4030 11
414 3977 525 4031 fruticet
542 3977 627 4030 Pom:
646 3975 792 4029 fructificet
806 3975 1021 4030 PNFOehleroa
1076 3978 1109 4030 14
1126 3977 1214 4030 uerbo
1227 3976 1328 4031 lactum
1343 3982 1387 4031 eet
1400 3979 1502 4032 uic-in

362 4065 564 4120 similitudinem
587 4065 628 4118 bie
642 4067 673 4117 in
686 4065 713 4118 P
730 4072 898 4134 comparent,
915 4066 964 4119 ced
983 4068 1031 4132 ila,
1047 4073 1078 4120 ut
1094 4065 1214 4122 comoedo
1228 4067 1287 4120 loco
1302 4067 1398 4134 proin
1412 4068 1504 4120 rimili-

361 4153 483 4208 tudineru
503 4153 634 4222 scriplum
648 4154 699 4207 eil:
713 4152 858 4207 secundnm
874 4169 959 4222 genua
1010 4153 1123 4209 uouere
1138 4155 1173 4224 F,
1188 4155 1253 4210 deos
1267 4155 1397 4224 Punico,
1409 4172 1462 4210 on.
1475 4153 1505 4209 N

361 4243 395 4296 23
415 4245 503 4296 uiuam
524 4242 589 4310 NF,
610 4243 746 4295 uiuentem
767 4241 885 4310 Poulpo
