3250 4959
339 449 400 506 v11.
418 451 584 506 Aduersus
601 451 802 506 Marcionem
819 451 868 505 lib.
885 449 944 505 1111
960 450 1075 504 37—38.
1225 453 1290 518 549

142 645 229 730 quod
238 645 309 729 quis
323 645 472 711 uideatur
483 646 643 712 habuisse.
659 647 715 710 eut
725 645 753 711 si
763 647 795 710 et
808 645 886 710 haee
900 648 1074 710 creatorem
1083 644 1215 724 finxerit,
1225 649 1290 710 ‘au-

141 750 1291 838 sterum‚tollentemquodnonposueritetmetentemquodnonseuerit'

141 859 193 926 hic
210 878 336 942 quoque
354 878 405 924 me
424 859 478 924 ille
497 858 637 937 instruit,
653 859 745 925 cuius
765 859 932 942 pecuniam
951 863 989 922 ut
1006 860 1146 924 fenerem
1165 858 1288 925 edocet.

188 967 242 1032 38.
266 964 393 1032 Sciebat
417 965 574 1042 Christus,
598 965 757 1049 baptisma
778 965 929 1031 Iohannis
952 965 1035 1030 unde
1058 967 1155 1030 esset.
1179 967 1211 1030 et
1233 982 1290 1030 cur

106 1073 235 1156 equasi
271 1073 414 1138 nesciens
451 1072 686 1154 interrogabat?
728 1071 850 1137 sciebat
885 1090 947 1137 nou
981 1090 1190 1155 responsuros
1226 1071 1289 1136 sibi

140 1179 340 1246 Pharisaeos.
365 1183 398 1245 et
420 1198 476 1246 cur
497 1179 616 1245 frustra
638 1179 873 1263 interrogabat?
894 1197 943 1258 an,
963 1182 1000 1243 ut
1019 1197 1055 1243 er
1074 1196 1127 1243 ore
1145 1177 1288 1262 ipsorum

140 1287 297 1352 indiceret
323 1287 397 1353 illos
425 1287 479 1352 uel
507 1305 544 1351 er
567 1285 680 1351 corde?
708 1286 790 1350 refer
818 1304 892 1371 ergo
916 1289 949 1352 et
971 1286 1048 1350 haec
1071 1285 1111 1350 ad
1134 1285 1289 1350 excusati·

141 1412 235 1460 onem
258 1394 409 1459 creatoris
428 1393 518 1460 etad
537 1393 806 1477 comparationem
827 1391 955 1471 Christi,
979 1395 1013 1458 et
1030 1391 1196 1458 considera
1212 1393 1287 1468 iam,

140 1499 219 1582 quid
248 1503 433 1566 secuturum
466 1504 562 1578 esset,
592 1501 619 1564 si
648 1499 724 1582 quid
746 1500 912 1566 Pharisaei
939 1499 978 1565 ad
1005 1498 1287 1583 interrogationem

93 1629 121 1670 10
140 1607 386 1674 renuntiassent.
415 1610 493 1691 puta
520 1606 593 1672 illos
621 1607 820 1672 renuntiasse
843 1607 1016 1672 humanum
1040 1605 1188 1671 Iohannis
1212 1605 1287 1689 bap-

139 1713 251 1778 tisma:
277 1713 385 1778 statim
407 1713 569 1797 lapidibus
593 1713 663 1778 elisi
686 1713 831 1778 luissent.
857 1714 1005 1778 existeret
1027 1712 1127 1795 aliqui
1144 1711 1287 1776 Marcion

139 1818 295 1884 aduersus
318 1819 523 1898 Marcionem,
553 1819 607 1902 qui
631 1819 764 1884 diceret:
793 1839 810 1886 e
836 1819 930 1884 deum
953 1820 1120 1904 optimum,
1150 1838 1167 1883 o
1192 1817 1285 1884 deum

139 1925 303 1992 diuersum
328 1945 346 1990 a
368 1926 517 1992 creatoris
541 1927 707 2010 exemplis!
732 1926 835 1991 sciens
853 1945 1004 2009 praeceps
1022 1927 1124 1992 ituros
1141 1925 1287 1992 homines

139 2033 209 2114 ipse
231 2032 306 2098 illos
329 2033 360 2097 in
384 2034 586 2116 praerupium
609 2033 774 2116 imposuit.
799 2033 847 2098 sic
870 2033 952 2098 enim
976 2037 1010 2097 et
1032 2033 1071 2097 de
1094 2036 1234 2098 creatore
1252 2033 1286 2098 in

91 2159 119 2198 ιε
140 2139 261 2206 arboris
284 2141 357 2226 lege
384 2144 549 2207 tractatur.
573 2140 640 2206 ‘sed
665 2140 703 2205 de
727 2141 824 2206 caelis
847 2140 910 2204 fuit
933 2140 1092 2223 baptisma
1115 2139 1286 2206 Iohannis‘.

141 2251 177 2313 et
196 2267 320 2330 quare,
339 2247 444 2332 inquit
459 2248 616 2327 Christus,
636 2267 705 2312 non
726 2246 951 2313 credidistis
971 2247 1024 2313 ei?
1041 2265 1115 2332 ergo
1131 2248 1185 2330 qui
1200 2247 1285 2312 credi

138 2354 285 2420 uoluerat
298 2355 441 2432 Iohanni,
460 2355 679 2438 increpaturus
700 2354 784 2438 quod
802 2373 864 2420 non
883 2353 1102 2434 credidissent,
1121 2354 1190 2420 sius
1210 2359 1284 2432 erat,

139 2458 232 2528 ouius
265 2463 497 2527 sacramentum
524 2462 680 2528 lohannes
707 2461 957 2527 administrabat
990 2465 1074 2528 certe
1103 2461 1285 2526 nolentibus

137 2569 326 2646 renuntiare,
350 2569 427 2651 quid
451 2573 606 2652 saperent,
631 2589 705 2634 eum
724 2570 843 2651 etipse
862 2569 967 2633 uicem
987 2568 1131 2652 opponit:
1157 2572 1193 2632 et
1216 2587 1283 2653 ego

89 2693 118 2734 ιο
138 2695 206 2742 non
233 2675 315 2741 dieo
339 2677 459 2752 uobis,
484 2677 519 2742 ln
544 2697 614 2759 qua
638 2677 783 2742 uirtute
807 2676 898 2740 haec
921 2675 1030 2754 lucio,
1055 2675 1174 2742 malum
1198 2677 1281 2741 malo

137 2781 284 2847 reddidit.
353 2782 512 2848 Reddite
533 2802 626 2864 quae
646 2782 821 2848 Caesaris
842 2782 1004 2860 Caesari,
1026 2787 1063 2846 et
1082 2801 1175 2865 quas
1194 2787 1283 2848 sunt

137 2886 197 2951 dei
222 2885 298 2952 deo.
323 2905 402 2971 quae
427 2893 517 2952 erunt
541 2887 600 2967 dei,
628 2905 708 2970 quae
733 2887 853 2952 similia
876 2888 941 2952 sint
964 2887 1090 2952 denario
1115 2889 1282 2956 Caesaris?

135 2993 241 3079 imago
266 2993 391 3060 seilicet
414 2997 446 3059 et
469 2993 646 3060 similitudo
671 2994 750 3058 olus.
774 2993 935 3060 hominem
958 2994 1058 3077 igitur
1079 2995 1169 3059 reddi
1191 2995 1282 3060 iubet

136 3101 280 3180 creatori,
303 3100 336 3165 in
360 3101 451 3166 cuius
469 3101 605 3185 imagine
625 3103 656 3165 et
675 3101 886 3166 similitudine
905 3105 938 3164 et
955 3101 1081 3165 nomine
1100 3105 1133 3165 et
1150 3103 1282 3166 materia

87 3225 115 3266 re
136 3225 304 3290 expressus
329 3213 386 3272 est.
411 3211 542 3290 quaerat
565 3207 627 3271 sibi
649 3211 809 3272 monetam
830 3207 908 3272 deus
927 3207 1108 3287 Marcionis,
1133 3206 1280 3273 Christus

134 3311 297 3377 denarium
330 3315 466 3380 hominis
495 3335 553 3380 suo
578 3313 704 3379 Caesari
732 3315 823 3379 iubet
849 3314 947 3390 reddi,
980 3333 1041 3380 non
1070 3315 1186 3392 elieno;
1219 3315 1281 3380 uisi

134 3418 219 3502 quod
242 3439 372 3487 necesse
391 3424 451 3501 est,
472 3441 544 3487 *ee
565 3421 732 3504 quiscum
752 3420 915 3486 denarium
934 3441 995 3485 noo
1015 3421 1121 3487 habet.
1189 3423 1282 3488 Iusta

134 3529 167 3590 et
199 3525 294 3611 digna
324 3528 529 3611 praescriptio
559 3532 608 3592 est
634 3528 665 3593 in
696 3526 780 3593 omni
809 3528 993 3609 quaestione
1017 3528 1056 3592 ad
1078 3530 1279 3612 propositum

131 3633 389 3717 interrogationis
412 3635 568 3716 pertinere
592 3633 705 3699 debere
729 3654 859 3700 sensum
883 3635 1109 3718 responsionis.
1138 3637 1279 3700 ceterum

225 3755 250 3824 1]
269 3753 302 3808 el.
321 3755 386 3810 Lao.
409 3757 450 3819 19.
469 3757 583 3811 21-22.
634 3757 660 3826 4]
677 3757 711 3810 cl.
728 3756 850 3823 Lno.20‚
866 3757 943 3810 1-8,
997 3756 1041 3825 10]
1062 3755 1094 3813 cl.
1111 3755 1175 3811 Luc.
1195 3757 1239 3823 20,
1252 3757 1278 3812 6.

135 3845 180 3912 15]
202 3842 234 3897 of.
254 3843 318 3898 Luc.
337 3844 380 3912 20,
400 3846 425 3898 5.
501 3846 544 3914 16]
565 3846 629 3900 Luc.
649 3846 692 3911 20,
708 3847 732 3901 5.
799 3847 843 3915 le]
865 3845 928 3900 Luc.
949 3847 992 3908 20,
1008 3847 1031 3902 8.
1097 3846 1144 3915 21]
1160 3845 1193 3900 cf.
1213 3846 1278 3900 Luc.

132 3932 177 3998 20,
196 3933 310 3987 20-26.
383 3933 447 3988 Luc.
467 3934 510 4002 20,
530 3936 572 3987 25.

169 4020 181 4073 l
198 4019 315 4092 haeoM,
326 4021 370 4076 hic
380 4023 495 4092 Ruolpo
531 4024 548 4076 3
563 4022 659 4077 edocet
668 4024 726 4077 soil.
736 4025 867 4093 parabola
877 4025 961 4093 (Erip)
1000 4025 1061 4078 dau
1070 4025 1168 4092 supple
1177 4030 1277 4078 mente:

130 4109 320 4180 interrogabat
338 4110 1056 4182 8adcomparationemChristi(ecii.loicumcreatore)
1079 4112 1277 4181 llaliquiMF,

130 4197 262 4268 aliquisR
282 4198 673 4270 laodeumoptimumomm
690 4201 949 4272 ltpraeruptumR³
966 4201 1001 4256 20
1013 4202 1178 4270 <pro>malo
1188 4201 1279 4256 reddit

130 4287 187 4356 Rip
222 4287 564 4357 manuteneamus
602 4289 882 4358 sederequaeuolqo
938 4289 1276 4362 sintMF.auntRuulpo

131 4377 165 4430 27
176 4376 308 4430 laconum
321 4377 445 4447 moui:
460 4380 600 4434 mutuetur
614 4378 647 4432 ab
662 4379 715 4432 alio
728 4379 900 4433 intercidisse
909 4385 980 4449 puto
1036 4380 1082 4451 qui
1091 4380 1127 4444 B,
1140 4379 1205 4449 quid
1215 4379 1279 4433 ΜΒ*
