3250 4959
290 407 330 470 76
517 402 632 467 Quinti
653 401 793 470 Septimi
812 400 983 454 Florentia
1001 399 1207 453 Tertulliani

334 600 385 662 35.
412 595 473 662 Sed
502 600 535 661 et
561 595 716 678 praecipit
743 613 816 658 eum
841 595 948 677 potius
972 585 1159 672 timendum,
1184 595 1238 677 qui
1263 599 1295 659 et
1318 614 1431 677 corpus

289 711 321 768 et
345 705 480 768 animam
506 703 629 767 occidat
651 702 681 764 in
707 701 893 784 gehennam,
916 701 950 764 id
973 705 1022 765 est
1046 702 1208 766 dominum
1233 701 1348 774 solum,
1373 722 1432 766 non

289 811 343 892 qni
376 830 489 893 corpus
523 809 678 884 occidant,
708 807 830 872 animae
858 812 965 872 autern
994 808 1073 871 nihil
1101 827 1212 873 nocere
1239 809 1373 892 possint,
1401 808 1434 871 id

289 922 338 982 est
360 918 514 981 humanas
539 919 727 997 potestates,
756 914 835 978 adeo
859 915 911 979 hio
935 919 967 978 et
991 914 1095 978 anima
1122 915 1299 980 inmortalis
1324 922 1434 978 natura

287 1023 534 1110 recognoscitur.
559 1041 638 1104 quae
662 1040 724 1086 non
747 1022 852 1104 possit
875 1022 977 1086 occidi
1001 1023 1039 1086 ab
1060 1022 1250 1098 hominibus,
1276 1027 1308 1086 et
1332 1021 1433 1085 carnis
1466 1043 1482 1082 s

289 1150 358 1196 esse
383 1129 620 1204 mortalitatem,
646 1128 736 1192 euius
761 1127 805 1192 sit
828 1129 955 1203 occisio,
986 1137 1080 1210 atque
1104 1129 1150 1191 ita
1172 1129 1433 1193 resurrectionem

288 1255 414 1319 quoqne
434 1240 631 1300 mortuorum
651 1235 754 1298 carnis
775 1254 855 1313 esse,
876 1254 955 1317 quae
975 1235 1005 1299 in
1025 1235 1202 1318 gehennam
1220 1234 1282 1299 nisi
1300 1235 1434 1299 resusci-

287 1346 355 1407 tata
378 1362 438 1406 non
462 1341 580 1426 poterit
603 1341 715 1406 occidi.
741 1340 796 1406 sed
820 1342 969 1422 quoniam
989 1345 1021 1404 et
1044 1341 1096 1405 hic
1116 1341 1154 1404 de
1176 1341 1433 1423 interpretatione

289 1451 427 1532 corporis
452 1445 621 1535 [quaestio]
650 1447 830 1523 carrillatur,
860 1467 919 1531 ego
949 1467 1063 1531 eorpus
1093 1448 1230 1512 hominis
1258 1467 1319 1512 non
1348 1447 1433 1511 aliud

288 1557 439 1640 intellego
468 1575 563 1637 quam
593 1573 717 1620 omnem
746 1555 840 1618 istam
871 1561 989 1618 struem
1019 1555 1131 1623 camis,
1165 1572 1292 1636 quoquo
1321 1573 1481 1638 generem

288 1664 491 1727 materiarum
520 1663 725 1726 concinnatur
757 1666 852 1743 atque
884 1662 1034 1741 norietur,
1069 1661 1153 1744 qnod
1181 1662 1318 1738 uidetur,
1350 1661 1434 1743 quod

287 1775 424 1846 tenatur,
449 1769 533 1850 qnod
557 1769 691 1852 denique
716 1770 753 1833 ab
779 1769 962 1833 hominibus
987 1767 1149 1833 occiditur.
1178 1769 1226 1832 sio
1249 1772 1282 1832 et
1303 1769 1433 1851 parietis

288 1895 403 1958 corpus
427 1895 487 1940 non
511 1877 598 1940 aliud
617 1876 782 1940 admittam
803 1895 897 1957 quam
917 1879 1090 1950 caementa,
1114 1895 1208 1958 qnam
1233 1894 1314 1951 sara,
1339 1893 1433 1957 qnam

287 1985 414 2047 lateres.
447 1983 474 2047 si
506 1985 578 2065 quis
617 2001 764 2047 arcanum
805 1982 933 2064 aliquod
971 2000 1086 2064 eorpus
1118 1982 1251 2059 inducit,
1289 1983 1433 2045 ostendat

289 2091 410 2154 reuelet
437 2090 548 2172 probet
574 2089 680 2171 ipsum
706 2090 800 2152 etiam
827 2107 907 2166 esse,
936 2088 1020 2170 quod
1044 2088 1207 2152 occidatur
1230 2088 1268 2152 ab
1295 2089 1432 2152 homine.
1453 2113 1478 2151 n

290 2203 321 2262 et
340 2198 377 2260 de
396 2195 451 2260 illo
473 2197 532 2259 erit
551 2196 681 2260 dietum.
697 2197 771 2260 item
790 2197 817 2259 si
832 2197 955 2259 animae
975 2215 1089 2278 corpus
1109 2196 1287 2278 opponitur.
1307 2196 1435 2259 natabit

290 2305 417 2368 astutia.
439 2323 511 2367 cunr
531 2303 614 2367 enim
636 2307 806 2384 utrumque
826 2304 1021 2385 proponitur,
1040 2323 1154 2386 corpus
1174 2307 1269 2385 atque
1289 2303 1434 2379 animam,

290 2411 390 2476 occidi
415 2413 446 2474 in
466 2410 650 2494 gehennam,
677 2409 887 2492 distinguitur
906 2429 1020 2492 corpus
1043 2411 1080 2474 ab
1101 2411 1213 2489 anima,
1233 2414 1265 2473 et
1287 2408 1433 2491 relinqui-

289 2523 341 2581 tur
371 2535 485 2598 oorpns
510 2515 653 2599 intellegi
685 2515 728 2592 id,
763 2517 848 2598 quod
875 2517 907 2580 in
939 2521 1089 2600 promptu
1118 2517 1171 2591 sit,
1201 2535 1270 2581 caro
1301 2516 1435 2590 seilicet,

290 2643 369 2705 quae
384 2623 469 2686 sicut
488 2621 652 2688 occidetur
670 2623 700 2686 in
722 2625 908 2706 gehennam.
930 2624 957 2687 si
976 2643 1036 2688 non
1057 2625 1159 2708 magis
1179 2643 1197 2687 a
1216 2623 1273 2687 deo
1293 2623 1437 2687 timuerit
1453 2646 1480 2686 ao

290 2729 402 2795 occidi.
430 2729 476 2792 ia
499 2734 531 2793 et
555 2729 772 2793 uiuificabitur
794 2729 825 2792 in
850 2730 951 2793 uitam
976 2732 1145 2806 aeternam,
1174 2729 1202 2792 si
1227 2729 1375 2793 maluerit
1398 2727 1435 2791 ab

290 2835 471 2899 hominibus
500 2835 607 2916 potius
634 2835 779 2898 interfici.
804 2834 934 2916 proinde
964 2835 991 2898 si
1015 2837 1086 2917 quis
1115 2835 1306 2899 occisionem
1335 2834 1435 2896 carnis

290 2947 383 3023 atque
412 2942 534 3005 animae
563 2941 592 3003 in
623 2941 799 3024 gehennam
829 2942 868 3005 ad
895 2942 1059 3006 interitum
1088 2946 1121 3005 et
1147 2941 1241 3005 finem
1270 2941 1436 3023 utriusque

290 3049 486 3112 substantiae
506 3047 651 3129 adripiat,
672 3066 733 3110 non
753 3048 792 3112 ad
812 3049 1017 3130 supplicium,
1035 3049 1125 3130 qnasi
1141 3047 1436 3123 consumendarum,

290 3173 348 3217 non
374 3153 464 3234 qnasi
489 3153 728 3234 puniendarum,
753 3152 937 3216 recordetur
959 3152 1065 3236 ignem
1090 3155 1250 3236 gehennae
1274 3156 1437 3216 aeternnm
1455 3176 1481 3217 as

289 3259 460 3340 praedicari
485 3260 516 3322 in
540 3279 673 3341 poenam
699 3264 868 3335 aeternam,
891 3262 922 3323 et
941 3259 1012 3322 inde
1032 3260 1250 3324 antemitatem
1269 3259 1437 3323 occisionis

290 3374 450 3450 agnoscat,
475 3369 641 3450 propterea
660 3366 817 3429 humanae
837 3370 873 3428 nt
892 3366 1058 3448 temporali
1077 3366 1336 3446 praetimendam.
1361 3371 1437 3428 tuno

291 3475 322 3534 et
345 3476 486 3536 aeternas
513 3472 709 3535 substantias
735 3470 851 3545 credet,
883 3491 1014 3552 quarum
1040 3475 1165 3535 aeterna
1190 3472 1233 3535 sit
1260 3472 1376 3535 occisio
1404 3469 1437 3533 in

289 3596 430 3659 poenam.
464 3581 548 3642 certe
582 3597 653 3641 cnm
687 3581 760 3658 posi
792 3579 1054 3642 resurrectionem
1088 3597 1201 3660 corpus
1235 3597 1306 3641 oum
1334 3577 1439 3640 anima

380 3855 406 3922 1]
426 3853 458 3906 ci.
478 3853 576 3906 Martii.
600 3853 640 3920 10,
661 3855 704 3908 28.
759 3853 805 3922 261
828 3854 861 3906 oi.
882 3853 981 3905 llattlr.
999 3853 1043 3918 25,
1063 3853 1105 3904 46.

327 4030 336 4081 l
361 4033 388 4080 et
407 4045 503 4098 corpus
522 4029 592 4084 MF.
613 4047 708 4098 corpus
729 4031 754 4082 P
772 4031 856 4098 uulgo
911 4032 926 4080 9
950 4028 1074 4096 quaestio
1097 4028 1196 4081 seclusi
1252 4029 1284 4081 10
1305 4026 1435 4094 intellego

289 4118 400 4184 scripsi:
427 4117 584 4185 intellegam
618 4117 710 4170 PMF
774 4120 804 4170 15
834 4119 916 4170 etiam
945 4133 1003 4168 esse
1026 4115 1096 4182 ΜΡ,
1126 4133 1184 4169 esse
1213 4117 1296 4169 etiam
1320 4113 1437 4182 Paulpo

292 4207 323 4258 16
352 4207 465 4274 opponit
492 4207 543 4260 Gal
600 4209 631 4260 19
660 4223 756 4275 corpus
784 4206 910 4274 intellegi
936 4205 1048 4271 scripsi:
1075 4221 1172 4273 corpus
1196 4204 1322 4273 intellige
1340 4201 1436 4269 PMF,

290 4295 414 4363 intellegi
434 4313 529 4366 corpus
551 4297 602 4350 Gal
612 4297 712 4366 reliqui
