3250 4959
313 416 377 479 446
559 412 675 478 Quinti
696 414 836 484 Septimi
854 415 1026 469 Florentia
1045 415 1248 470 Tertulliani

314 612 357 675 sit
380 611 558 688 absoluere,
588 610 678 675 cuins
706 630 766 675 non
796 611 840 675 sit
868 612 963 677 etiam
994 612 1150 688 damnare,
1182 618 1215 677 et
1242 632 1279 677 an
1307 620 1465 697 congruat

312 737 384 781 euni
400 718 574 801 ignoscere,
595 718 626 781 in
647 737 740 801 quern
760 718 840 782 nihil
860 718 904 782 sit
922 718 1109 797 admissum,
1128 719 1204 783 alibi
1218 719 1279 784 iam
1298 722 1464 805 congressi

311 825 472 889 malumus
497 824 664 889 admonere
690 844 784 907 quarn
807 828 987 889 retractare.

356 930 403 994 De
426 931 491 995 lilio
516 930 652 995 hominis
677 930 792 1012 duplex
812 936 861 995 est
879 935 988 996 nostre
1007 933 1229 1015 praescriptio:
1254 952 1357 1016 neque
1377 952 1463 998 mon·

311 1038 364 1100 tiri
387 1056 481 1121 possa
506 1037 679 1113 Christum,
705 1042 740 1100 ut
765 1057 798 1102 se
822 1038 925 1102 filium
943 1039 1080 1105 hominis
1099 1041 1328 1121 pronuntiaret,
1353 1040 1383 1104 si
1401 1060 1462 1105 non
1495 1066 1508 1103 s

310 1164 385 1209 uere
414 1149 489 1221 eret,
519 1164 620 1226 neque
649 1144 750 1208 filium
779 1145 916 1211 hominis
949 1146 1101 1210 constitui
1134 1148 1273 1228 quinon
1302 1147 1346 1212 sit
1370 1152 1463 1213 natus

312 1272 348 1316 en
365 1251 504 1327 homine,
530 1252 582 1315 uel
605 1256 690 1322 rastro
711 1252 763 1315 uel
783 1257 892 1316 matre.
916 1256 1010 1335 atque
1030 1253 1076 1316 its
1094 1253 1342 1331 discutiendum,
1368 1256 1463 1319 onius

311 1358 448 1423 hominis
465 1358 550 1421 lilius
566 1357 666 1439 accipi
682 1358 805 1433 debeat,
822 1358 921 1441 patris
937 1378 973 1423 an
989 1359 1109 1423 matris.
1127 1360 1153 1423 si
1170 1380 1206 1425 er
1221 1360 1280 1425 deo
1295 1364 1386 1442 patre
1402 1366 1462 1438 est,

310 1466 422 1547 utique
439 1484 498 1529 non
515 1484 551 1529 ex
566 1464 706 1541 hominm
724 1466 751 1529 si
767 1484 826 1529 non
843 1467 893 1528 est
908 1485 943 1529 ex
958 1466 1084 1529 homine
1101 1467 1231 1549 (patre),
1246 1471 1406 1549 superest,
1428 1474 1464 1531 ut

311 1592 345 1637 ex
370 1572 496 1636 homine
520 1572 563 1635 sit
583 1574 695 1647 metre;
721 1572 748 1635 si
772 1590 807 1635 er
832 1573 958 1637 homine
981 1574 1123 1656 (matre)
1141 1573 1204 1637 iam
1224 1580 1367 1656 apparet.
1389 1577 1464 1656 qnia
1480 1594 1504 1633 ιο

311 1699 346 1743 ex
370 1678 504 1762 uirgine.
530 1677 581 1741 cui
605 1678 687 1741 enirn
712 1678 807 1742 homo
831 1682 921 1759 pater
940 1697 1000 1742 non
1022 1678 1114 1742 datur
1132 1698 1190 1744 neo
1209 1680 1258 1743 uir
1276 1682 1371 1745 matri
1392 1682 1462 1745 eins

311 1784 523 1868 deputabitur.
548 1803 649 1865 porro,
674 1784 725 1848 cui
750 1785 800 1847 uir
818 1804 878 1848 non
899 1785 1105 1868 deputabitur
1122 1787 1214 1871 uirgo
1234 1792 1292 1851 est.
1318 1792 1461 1853 ceterum

311 1891 373 1955 duo
401 1890 464 1955 iam
492 1894 598 1972 patres
628 1890 840 1967 habebuntur,
869 1891 947 1956 deus
976 1896 1009 1955 et
1032 1893 1136 1973 homo,
1164 1892 1191 1957 si
1214 1912 1276 1957 non
1300 1893 1394 1976 uirgo
1418 1894 1462 1957 sit

311 2002 419 2063 mater.
454 1997 585 2061 habebit
618 1997 699 2060 enirn
733 1998 850 2075 uirum,
883 2002 921 2063 ut
954 2000 1042 2084 uirgo
1075 2019 1135 2063 non
1169 2001 1221 2074 sit,
1255 2003 1288 2064 et
1315 2000 1460 2065 hahendo

309 2106 414 2170 uirum
439 2104 520 2168 duos
544 2109 649 2185 patres
673 2104 778 2182 faciet,
803 2104 898 2168 deum
923 2110 955 2169 et
979 2106 1150 2181 hominem,
1173 2104 1203 2167 ei
1226 2104 1280 2185 qui
1304 2106 1339 2166 et
1357 2104 1409 2167 dei
1428 2108 1461 2168 et
1476 2129 1500 2169 a

310 2211 447 2277 hominis
468 2214 554 2274 esset
572 2209 667 2273 filius.
687 2212 795 2282 talem,
817 2212 844 2274 si
863 2211 954 2280 forte.
976 2210 1101 2276 Castori
1120 2216 1176 2276 aut
1193 2210 1325 2274 Herculi
1344 2212 1459 2274 natiui·

309 2324 406 2383 tatem
432 2317 557 2381 fabulae
581 2317 717 2381 tradunt.
744 2319 770 2381 si
794 2317 872 2382 haec
896 2319 940 2381 ita
970 2319 1199 2401 distinguntur,
1227 2317 1259 2380 id
1288 2320 1340 2381 est
1367 2317 1396 2381 si
1425 2337 1460 2382 er

309 2429 409 2490 matre
442 2423 528 2487 filius
563 2424 613 2486 est
643 2423 792 2499 hominis,
827 2424 900 2506 quia
933 2444 968 2490 er
992 2430 1080 2506 patre
1112 2444 1173 2488 non
1203 2427 1261 2500 est,
1294 2442 1331 2485 ex
1360 2428 1460 2487 matre

310 2536 416 2595 autern
446 2530 579 2613 uirgine,
609 2530 683 2611 quic
712 2550 771 2594 non
802 2550 837 2594 er
866 2536 955 2613 patre
983 2531 1120 2607 homine,
1150 2531 1201 2595 hic
1224 2529 1284 2593 erit
1308 2526 1461 2595 Christus

309 2638 431 2715 Esaiae,
470 2656 564 2718 quem
601 2641 822 2718 concepturam
860 2638 1016 2721 uirginem
1054 2636 1223 2720 praedicat.
1261 2655 1324 2717 qna
1361 2635 1500 2719 igiturn

309 2744 428 2809 ratione
458 2742 607 2806 admittas
636 2742 737 2807 lilium
766 2742 916 2819 hominis,
945 2744 1097 2817 Marcion,
1127 2742 1371 2825 circumspicere
1400 2762 1460 2807 non

309 2869 452 2933 possum.
478 2850 506 2912 si
529 2849 627 2931 patris
651 2848 799 2923 hominis,
825 2868 923 2931 negas
948 2850 998 2913 dei
1021 2850 1137 2925 filium,
1162 2849 1191 2913 si
1210 2854 1242 2912 et
1260 2848 1320 2927 dei,
1339 2848 1461 2913 Hereu-

307 2956 371 3020 lem
405 2955 443 3019 de
477 2954 584 3019 fabula
615 2955 694 3018 facis
729 2953 906 3032 Christum
945 2956 972 3021 si
1006 2957 1117 3020 matris
1148 2960 1275 3019 tantum
1307 2954 1457 3030 hominis,

309 3082 415 3127 meum
441 3063 601 3136 coneedis;
627 3062 654 3126 si
680 3080 780 3143 neque
805 3062 932 3144 <matris
958 3064 1076 3145 neque>
1094 3062 1194 3145 patris
1214 3062 1363 3129 hominis.
1384 3080 1458 3145 ergo

309 3169 427 3233 nullius
446 3169 584 3233 hominis
604 3171 653 3232 est
673 3156 766 3247 lilius,
791 3173 824 3232 et
846 3188 976 3232 necesse
996 3174 1055 3244 est,
1074 3170 1274 3233 mendacium
1292 3167 1459 3233 admiserit
1473 3200 1497 3242 2
1610 3155 1611 3166 ¹

310 3276 364 3359 qui
393 3296 426 3341 se
451 3276 535 3359 quod
560 3295 619 3341 non
645 3279 712 3339 erat
735 3275 821 3339 dixit.
850 3294 948 3338 unum
979 3279 1086 3356 potest
1114 3274 1270 3359 angustiis
1293 3274 1360 3337 tuis
1385 3274 1457 3337 suh-

310 3384 430 3448 uenire:
457 3384 483 3447 si
512 3382 629 3447 cudens
659 3386 714 3445 ant
744 3382 838 3445 deum
866 3387 969 3459 tunm,
998 3387 1118 3464 petrem
1143 3381 1272 3453 Christi,
1295 3380 1456 3445 hominem

310 3510 435 3575 quoque
468 3490 699 3573 cognominare.
734 3488 818 3571 quod
852 3489 890 3552 de
923 3489 1028 3552 Aeone
1060 3488 1138 3553 fecit
1164 3486 1365 3562 Valentinus,
1403 3490 1457 3551 ant

309 3597 464 3681 uirginem
488 3596 646 3659 hominem
671 3614 794 3677 negare.
820 3594 904 3676 quod
929 3614 986 3658 nec
1011 3594 1195 3658 Valentinus
1219 3591 1348 3676 quidem
1373 3592 1456 3655 fecit

309 3703 387 3785 quid
410 3721 501 3778 nnnc,
527 3703 554 3767 si
578 3704 647 3785 ipso
673 3702 767 3765 titulo
792 3700 848 3764 filii
873 3702 1010 3765 hominis
1035 3706 1180 3765 censetur
1203 3700 1350 3765 Christus
1374 3696 1457 3781 apud
1471 3732 1496 3773 ω

398 3858 443 3927 20]
463 3858 495 3912 cf.
516 3857 562 3910 Es.
584 3858 670 3919 7,14.
725 3857 769 3925 30]
791 3856 823 3909 cf.
844 3857 913 3909 Dan.
935 3857 960 3925 7,
982 3856 1024 3910 le.

345 3966 361 4019 3
380 3966 512 4018 malumus
531 3962 614 4029 MR1,
635 3963 778 4016 maluimus
797 3962 931 4031 R³uu190
968 3966 1092 4030 coesset
1111 3964 1134 4031 (t
1152 3966 1234 4020 crae)
1249 3960 1286 4014 Μ
1325 3963 1341 4014 7
1360 3965 1454 4021 matre,

309 4060 391 4123 atque
409 4054 493 4122 uulgo
530 4054 604 4105 9est
617 4069 646 4105 ex
660 4052 729 4107 MR.
745 4056 786 4105 est
806 4052 890 4104 deleri
903 4052 966 4105 uult
979 4051 1036 4120 Rip
1088 4055 1166 4119 patre
1181 4050 1281 4104 addidi
1318 4050 1455 4103 winetre

310 4142 409 4195 addidi
465 4138 727 4196 1111011101.Ιίι
793 4139 1147 4202 17iabu1aetradunth1,
1170 4135 1454 4193 traduutfabnlaeB

309 4232 392 4299 culpo
475 4232 680 4299 distinguuntur
699 4228 820 4297 Raeulpo
905 4228 954 4281 sin
975 4229 1043 4282 hoec
1061 4229 1103 4281 ite
1121 4228 1317 4298 distinguntur,
1337 4230 1390 4297 <ut
1406 4242 1453 4280 nos

309 4320 453 4386 uolumus>
465 4320 535 4387 sort.
595 4320 630 4371 24
649 4318 743 4371 matris
763 4334 851 4387 neque
870 4316 971 4370 addidi
