3250 4959
374 386 435 440 vll.
454 385 625 438 Aduersus
643 383 844 438 Marcionem
861 383 909 437 lib.
929 383 953 436 V
973 383 1086 440 17-18.
1242 386 1306 448 639

154 582 315 665 cipatibus
339 584 445 645 notam
465 581 568 644 facere
588 579 731 643 uoluisse
751 578 1020 661 dispensationem
1039 581 1090 644 sui
1110 579 1306 653 sacramenti,

156 709 251 772 quam
283 689 462 772 ignorasset
490 687 579 764 deus,
609 686 752 751 conditor
779 687 930 752 omnium.
953 690 986 750 et
1013 707 1074 770 quo
1108 685 1309 769 competebat

156 795 359 879 praetendere
381 795 591 880 ignorantiam
615 795 765 860 creatoris
790 795 927 859 extranei
945 799 977 858 et
996 795 1091 878 longa
1110 793 1308 876 separatione

158 903 298 980 discreti,
336 921 407 966 curn
446 901 613 966 domestici
651 919 777 984 quoque
815 901 986 983 superioris
1025 902 1075 965 dei
1111 902 1308 965 nescissent?

120 1013 265 1074 stamen
295 1011 325 1071 et
350 1007 482 1072 creatori
506 1010 617 1072 uotum
642 1011 709 1070 erat
732 1007 887 1071 futurum.
917 1025 954 1071 an
978 1027 1038 1072 non
1062 1007 1173 1089 utique
1197 1010 1309 1070 notum

160 1113 247 1195 quod
270 1114 330 1178 sub
356 1114 442 1178 caelo
463 1117 495 1178 et
513 1114 545 1176 in
564 1117 647 1176 terra
667 1113 736 1176 eius
756 1112 893 1178 babebat
915 1113 1073 1177 reuelari?
1097 1133 1171 1197 ergo
1191 1113 1255 1194 (et)
1275 1131 1311 1175 ex

161 1221 222 1284 boo
246 1219 449 1285 confirmatur
472 1218 557 1301 quod
581 1238 676 1303 supra
699 1221 884 1284 struximus.
909 1220 938 1285 si
961 1221 1044 1284 enim
1064 1223 1186 1284 creator
1204 1220 1310 1303 cogni·

160 1331 252 1391 turus
277 1329 344 1390 erat
367 1326 554 1409 quandoque
579 1327 741 1391 occultum
763 1327 846 1391 iilud
869 1327 920 1391 dei
944 1327 1116 1411 superioris
1136 1345 1312 1391 sacramen-

160 1437 230 1497 tum
251 1433 347 1497 etita
366 1431 523 1515 scriptura
542 1432 692 1496 babebat:
712 1433 842 1497 ‘occulti
859 1433 928 1512 deo,
950 1435 1003 1515 qui
1024 1434 1130 1498 omnia
1147 1433 1312 1512 condidit,’

109 1558 142 1597 1⁰
162 1541 209 1604 sio
232 1540 345 1604 inferre
370 1539 535 1604 debuerat:
556 1543 604 1603 ‘ut
622 1543 697 1604 uota
714 1539 771 1603 fiat
788 1539 839 1604 ilii
861 1541 1036 1604 multifaria
1060 1540 1216 1623 sapientie
1239 1540 1312 1616 dei,’

161 1650 253 1712 tunc:
274 1649 315 1710 ‘et
339 1645 553 1728 potestatibus
579 1649 610 1710 et
633 1646 874 1729 principatibus‘
899 1647 1129 1729 cuiuscumque
1153 1646 1214 1727 dei,
1239 1665 1312 1711 cum

163 1753 279 1836 quibus
309 1753 449 1818 sciturus
478 1757 563 1818 esset
588 1755 716 1816 creator.
750 1751 829 1817 adeo
854 1753 1053 1818 subtractum
1077 1756 1204 1818 constat
1227 1752 1312 1836 quod

163 1864 196 1924 et
218 1860 266 1925 sic
288 1859 418 1924 ueritati
442 1875 518 1924 suae
543 1859 670 1923 saluum
694 1861 753 1923 est.
837 1858 918 1924 Volo
941 1879 1025 1926 nunc
1050 1864 1083 1926 et
1106 1880 1165 1944 ego
1189 1860 1249 1924 tibi
1273 1860 1312 1924 de

164 1967 325 2052 allegoriis
350 1966 488 2048 apostoli
512 1966 760 2030 controuersiam
783 1970 919 2040 nectere,
945 1985 1023 2048 quas
1041 1986 1104 2032 non
1123 1967 1173 2030 uis
1193 1968 1224 2030 iu
1244 1985 1313 2049 pro-

115 2092 142 2135 n
165 2073 271 2155 pbetis
296 2072 446 2137 habuisse
475 2071 609 2136 formas:
644 2073 845 2154 captiuum,
875 2073 988 2154 inquit,
1023 2073 1129 2138 duxit
1156 2073 1315 2156 captiui-

164 2184 291 2245 tatem.
317 2179 432 2262 quibus
457 2179 574 2242 armis?
599 2177 715 2260 quibus
738 2179 889 2262 proeliis?
914 2179 952 2244 de
972 2179 1063 2244 ouius
1088 2180 1190 2264 gentis
1210 2183 1311 2244 uasta·

164 2287 271 2352 tione?
296 2287 334 2351 de
355 2285 446 2351 cuiue
466 2285 607 2350 ciuitatis
627 2286 814 2350 euersioue?
839 2305 916 2368 quas
935 2286 1080 2363 feminas,
1101 2304 1180 2370 quos
1197 2303 1313 2368 pueros

167 2412 289 2475 quosue
322 2393 450 2472 regulos
484 2391 603 2456 catenis
635 2393 740 2457 uictor
770 2393 928 2458 inseruit?
959 2413 1031 2458 uam
1064 2397 1096 2457 et
1127 2412 1200 2458 oum
1232 2391 1315 2475 apud

165 2499 270 2564 Dauid
304 2499 451 2565 Christus
485 2499 608 2564 canitur
631 2500 824 2565 ‘succinctus
857 2501 962 2583 gladio
998 2520 1094 2583 super
1124 2493 1238 2565 iemur‘
1261 2501 1317 2564 aut

119 2625 148 2664 ao
169 2606 253 2688 apud
276 2605 402 2670 Esaiam
427 2606 540 2688 ‘spolia
564 2606 722 2686 accipiens
743 2606 902 2672 Samariae
923 2611 955 2673 ot
972 2608 1126 2673 uirtutem
1144 2607 1315 2672 Damasci’.

166 2731 241 2778 uere
269 2732 342 2776 cum
372 2715 405 2776 et
432 2711 593 2776 uisibiIem
623 2713 770 2777 extundis
794 2713 1026 2796 proeliatorem.
1060 2733 1195 2797 agnosce
1217 2713 1318 2796 igitur

165 2821 229 2883 iarn
253 2823 284 2882 et
307 2822 499 2882 armaturam
522 2820 555 2882 et
577 2817 726 2883 militiam
745 2820 814 2885 eius
834 2820 1020 2903 spiritalem,
1047 2820 1074 2885 si
1093 2821 1156 2883 iarn
1176 2818 1317 2883 didicisti

166 2942 237 2988 esse
264 2924 486 3006 captiuitatem
515 2924 702 3008 spiritalem,
735 2929 773 2990 ut
795 2929 829 2989 et
851 2926 932 2990 banc
954 2927 1041 2991 illius
1067 2945 1230 3010 agnoscas,
1263 2925 1317 2990 uel

167 3030 242 3111 quia
269 3034 301 3095 et
329 3031 526 3114 captiuitatis
555 3031 651 3096 huius
679 3033 875 3098 mentionem
899 3034 937 3097 de
960 3033 1123 3115 prophetis
1152 3031 1317 3117 apostolus

122 3137 316 3219 assumpsit,
350 3158 368 3201 a
400 3138 516 3221 quibus
551 3142 582 3202 et
615 3139 778 3204 mandata:
813 3138 1046 3221 deponentes
1078 3138 1317 3204 mendacium

168 3244 370 3326 loquimini
394 3245 596 3310 ueritatem
620 3245 664 3309 ad
687 3247 894 3329 proximum
914 3248 1086 3329 quisque,
1112 3251 1158 3311 et:
1182 3245 1313 3311 irasci-

168 3349 258 3414 mini
296 3354 332 3416 et
369 3352 488 3416 nolite
525 3351 746 3436 delinquere
785 3390 830 3400 —
867 3358 904 3418 ut
934 3353 1014 3436 ipsis
1047 3354 1164 3432 uerbis,
1200 3352 1316 3436 quibus

169 3455 322 3538 psalmus,
347 3460 515 3539 exponeret
537 3476 651 3524 seusus
675 3459 745 3524 eius
768 3483 827 3536 -;
853 3459 912 3524 sol
934 3478 1003 3523 uon
1028 3459 1177 3523 occidat
1205 3476 1318 3540 super

260 3631 302 3702 15]
322 3631 390 3700 epu.
410 3633 436 3694 4,
455 3633 480 3685 s.
500 3632 534 3686 er.
552 3632 597 3687 es.
618 3634 661 3696 cr,
682 3633 724 3688 ro.
807 3632 851 3704 19]
871 3633 905 3688 er.
924 3633 969 3690 m.
988 3633 1033 3695 44,
1052 3635 1078 3688 4.
1151 3633 1196 3702 eo]
1216 3631 1250 3686 er.
1269 3630 1317 3686 us.

170 3720 196 3787 8,
214 3719 240 3774 4.
326 3721 370 3789 25]
391 3721 461 3788 Eph.
480 3723 506 3789 4,
525 3721 568 3776 25.
588 3721 621 3776 ci.
642 3722 720 3780 Zach.
740 3723 765 3786 8,
786 3724 828 3777 16.
919 3723 962 3793 26]
984 3723 1055 3793 aph.
1073 3723 1100 3790 4,
1118 3721 1162 3775 26.
1180 3722 1225 3775 Pe.
1244 3722 1271 3787 4,
1291 3723 1317 3773 5.

170 3808 215 3878 28]
234 3808 303 3879 pr.
323 3811 349 3872 4,
369 3810 412 3862 27.

206 3931 392 3986 4domestico
411 3931 450 3987 M
496 3934 560 3987 bet
578 3933 679 3988 addidi
729 3935 1008 3992 romanianum
1060 3937 1094 3990 14
1114 3941 1231 3991 nectere.
1251 3951 1317 4005 qnae

169 4019 254 4090 recipe
345 4038 397 4075 nou
417 4021 459 4075 uis
477 4022 590 4090 aora'pet':
607 4040 693 4077 nonus
712 4025 773 4078 MR
848 4025 879 4078 15
897 4026 1025 4080 babuisse
1043 4026 1157 4094 ecripet:
1176 4024 1319 4078 habuisset

170 4108 232 4162 MR
268 4107 301 4164 21
322 4125 382 4162 eum
402 4110 447 4174 12³,
467 4127 527 4164 cnm
545 4109 619 4164 MR¹
672 4112 796 4167 extundis
820 4112 963 4169 Oeblenca:
981 4112 1107 4169 excondis
1125 4114 1187 4168 Ma
1222 4113 1257 4166 22
1277 4111 1317 4165 di-

172 4195 264 4250 dicisti
281 4197 315 4266 R,
332 4195 471 4253 didicistis
489 4198 555 4254 ΜΡ
615 4201 649 4253 27
668 4201 837 4255 uocabulum
854 4206 894 4271 nt,
913 4204 988 4273 quod
1005 4203 1037 4257 ia
1054 4203 1116 4257 MR
1129 4203 1220 4272 paulo
1237 4203 1319 4272 infra

167 4291 234 4354 poet
251 4284 292 4338 sol
312 4285 417 4356 leffi'teer,
435 4287 488 4342 brec
507 4289 642 4343 transtuli
695 4291 728 4343 28
748 4290 856 4345 occidat
873 4291 919 4359 12³,
940 4293 1046 4347 excidat
1063 4291 1136 4346 Mle
