3250 4959
351 414 416 477 324
578 409 696 475 ouruu
716 411 858 482 Septimi
877 385 1047 464 nr'orencis
1065 407 1271 462 restaurem

350 607 463 689 cnlpae
478 607 674 689 principatus
690 605 811 669 animae
825 606 933 687 potius
948 604 1187 680 adscribendus,
1208 605 1260 668 oui
1275 623 1347 668 cero
1365 603 1501 667 ministri

351 713 477 776 nomine
502 713 648 777 occurrit.
678 731 787 776 carens
817 695 952 793 denique
981 711 1084 774 anime
1107 729 1178 774 earo
1202 711 1357 774 haetenus
1380 722 1500 792 peccat.

351 820 395 883 ita
419 823 451 884 et
478 821 510 884 iu
539 821 599 883 hoe
623 819 742 883 iniusta
769 819 894 882 bonitas
920 822 953 882 et
976 819 1022 882 sic
1045 836 1170 899 quoque
1194 817 1393 899 imperfecta.
1416 816 1501 880 inuo-

351 925 522 990 centiorem
551 926 763 990 substantiam
792 925 973 1006 relinquens
1001 924 1032 986 in
1067 923 1208 1000 exitium,
1241 923 1408 1005 obsequio,
1440 941 1499 986 non
1610 891 1611 962 l

351 1032 479 1096 arbitrio
499 1033 745 1114 delinquentem.
770 1032 862 1094 cuius
878 1016 1023 1096 Christus
1043 1031 1102 1094 etsi
1123 1049 1184 1095 non
1203 1030 1307 1094 induit
1319 1031 1499 1094 ueritatem.
1527 1051 1539 1088 s

352 1145 388 1201 nt
401 1141 477 1203 tuae
491 1138 613 1202 haeresi
630 1138 737 1201 nisum
753 1141 812 1214 est,
834 1136 1004 1220 imaginem
1019 1140 1125 1200 tamen
1142 1137 1209 1200 eius
1227 1136 1335 1200 subire
1350 1135 1498 1218 dignatus

351 1249 410 1310 est.
432 1244 537 1327 ipsum
561 1245 653 1328 quod
664 1245 819 1308 mentitus
835 1248 885 1308 est
898 1225 997 1320 illam,
1013 1243 1132 1324 aliquid
1148 1244 1176 1306 ei
1187 1243 1207 1324 †
1218 1241 1330 1306 debuit
1342 1241 1499 1306 debuisse.

351 1331 429 1432 quid
443 1353 493 1413 est
507 1354 614 1415 autem
629 1348 824 1414 bomo'aliud
841 1367 933 1430 quam
950 1367 1031 1424 caro,
1052 1347 1219 1428 siquidem,
1230 1367 1342 1412 nomen
1363 1348 1499 1412 bominis

351 1457 485 1520 materia
513 1457 696 1539 corporalis,
726 1475 786 1520 non
816 1455 973 1530 animalis,
1004 1455 1041 1518 ab
1067 1457 1194 1518 auctore
1218 1453 1331 1518 sortita
1354 1454 1429 1518 est?
1461 1465 1498 1517 et

351 1564 457 1628 feeit
489 1564 687 1628 hominem
727 1563 835 1637 dens,
873 1561 987 1644 iuquit,
1024 1543 1162 1625 limum
1200 1561 1244 1624 de
1281 1565 1402 1635 terra,
1438 1579 1537 1624 nonu

352 1670 505 1743 animam;
540 1668 645 1733 anima
669 1670 751 1733 enim
776 1669 814 1732 de
839 1668 964 1732 afflatu:
994 1673 1032 1733 et
1059 1670 1195 1734 factus
1225 1671 1289 1731 est
1317 1667 1434 1732 homo
1461 1667 1497 1730 iu

353 1777 525 1841 animam
554 1777 704 1850 uiuam;
744 1777 837 1858 quis?
876 1775 986 1857 utique
1015 1777 1067 1858 qni
1096 1776 1255 1839 delimo:
1293 1779 1332 1837 et
1360 1774 1499 1856 posuit

353 1884 454 1947 daris
479 1884 679 1947 bominem
703 1883 739 1946 in
764 1882 974 1964 paradiso;
999 1882 1195 1963 quodfinrit‚
1215 1900 1274 1944 non
1292 1879 1377 1962 quod
1396 1881 1497 1946 fleuit:

352 1991 406 2072 qui
439 2009 509 2054 caro
543 2009 636 2065 nunc,
670 2009 729 2054 nou
761 1989 816 2071 qui
846 1989 958 2054 anima.
993 1991 1102 2072 itaque
1131 1989 1159 2053 si
1186 1989 1232 2052 ita
1259 1992 1319 2059 est.
1353 2007 1415 2068 quo
1448 2005 1498 2050 ore

352 2097 523 2160 contendes
546 2094 723 2178 perfeetum
745 2097 898 2161 bonitatis
923 2096 1063 2170 titulum,
1089 2115 1168 2177 qnae
1191 2114 1251 2159 non
1276 2095 1339 2157 iam
1364 2113 1383 2157 a
1405 2093 1537 2174 parti-u

351 2203 437 2268 tione
470 2204 601 2283 speciali
633 2204 771 2267 hominis
809 2203 964 2267 liberandi
1003 2202 1129 2275 defecit,
1169 2201 1224 2266 sed
1257 2221 1275 2264 a
1308 2199 1497 2284 proprietate

352 2310 513 2391 generali?
537 2311 565 2374 si
588 2311 680 2391 plena
705 2313 755 2374 est
778 2311 881 2392 gratia
904 2312 936 2372 et
959 2307 1061 2372 solida
1084 2308 1310 2380 misericordia,
1335 2327 1417 2389 quae
1439 2307 1497 2370 soli

354 2416 475 2480 animae
490 2416 639 2480 salutaris
655 2419 713 2487 est,
733 2417 805 2497 plus
821 2418 962 2499 praestat
980 2415 1058 2479 bueo
1077 2416 1154 2493 uita,
1175 2433 1236 2497 qun
1255 2415 1315 2480 toti
1336 2419 1368 2478 et
1386 2412 1497 2496 integri

352 2521 496 2583 fruimur.
521 2523 661 2588 ceterum
681 2540 715 2584 or
735 2524 824 2602 parte
843 2539 1006 2604 resurgere
1030 2521 1159 2584 multari
1184 2521 1253 2593 erit,
1276 2538 1337 2584 non
1363 2519 1496 2584 liberari.

353 2630 421 2690 erat
449 2630 480 2690 et
506 2627 588 2690 illud
610 2627 768 2708 perfectae
791 2627 955 2701 bonitatis,
981 2631 1016 2690 ut
1039 2627 1145 2701 homo,
1169 2627 1322 2691 liberatus
1348 2627 1379 2690 in
1405 2625 1496 2690 fidem
1515 2641 1536 2676 er

353 2733 404 2796 'dei
423 2733 546 2812 optimi,
566 2734 676 2796 statim
695 2734 885 2808 eximeretur
904 2733 941 2795 de
962 2732 1121 2798 domicilio
1141 2740 1236 2815 atque
1260 2733 1426 2798 dominatu
1449 2731 1497 2795 dei

352 2838 451 2903 saeui.
476 2845 509 2901 at
530 2857 613 2902 nunc
638 2843 670 2902 et
693 2839 874 2916 febriculas,
900 2858 917 2904 o
941 2839 1138 2916 Marcionita,
1163 2845 1194 2903 et
1218 2842 1339 2904 ceteros
1363 2839 1497 2904 tribulos

352 2950 385 3008 et
408 2946 515 3027 spinas
541 2946 630 3009 dolor
658 2946 761 3009 earnis
789 2950 864 3010 tuae
888 2946 947 3010 tibi
972 2945 1052 3020 edit;
1082 2965 1139 3010 nee
1163 2945 1351 3011 fulminibus
1375 2951 1496 3010 tantum

352 3054 409 3115 aut
430 3052 524 3116 bellis
544 3054 576 3115 et
595 3052 739 3132 pestibus
759 3052 895 3134 aliisque
922 3052 1024 3136 plagis
1054 3053 1203 3117 creatoris
1228 3053 1285 3117 sed
1309 3057 1341 3119 et
1365 3053 1496 3136 scorpiis

352 3157 421 3221 eius
440 3157 596 3235 obiectus,
615 3158 647 3221 in
669 3176 730 3240 quo
751 3162 782 3222 te
806 3161 901 3240 putas
925 3158 1094 3223 liberatum
1119 3159 1156 3222 de
1180 3177 1275 3243 regno
1301 3161 1381 3228 eine.
1407 3160 1496 3223 cuius
1512 3171 1535 3210 ¹⁵

352 3269 382 3327 te
403 3281 533 3327 muscae
557 3263 661 3328 adhuc
682 3266 828 3329 caleant?
852 3266 879 3329 si
904 3264 941 3327 de
966 3265 1073 3329 futuro
1097 3269 1208 3331 erutus
1232 3286 1277 3346 es,
1302 3287 1362 3331 cur·
1383 3285 1442 3330 non
1465 3271 1496 3328 et

351 3370 581 3454 depromenti,
609 3375 647 3435 ut
668 3372 826 3453 perfecte?
852 3371 913 3435 elie
945 3375 994 3435 est
1018 3377 1125 3436 nostra
1149 3373 1291 3438 condicio
1317 3372 1400 3454 apud
1425 3391 1495 3437 auc·
1599 3423 1607 3434 .

351 3482 463 3551 torem,
493 3476 576 3558 apud
609 3477 758 3555 iudicem,
788 3477 870 3560 apud
905 3478 1062 3542 offensum
1085 3479 1258 3562 principem
1289 3480 1423 3562 generis.
1459 3483 1494 3540 tu

441 3720 540 3788 9-13]
561 3719 627 3773 Gen.
646 3723 672 3780 2,
693 3723 716 3776 7.
737 3721 761 3774 8.
818 3723 864 3790 22]
885 3723 918 3775 ci.
941 3721 1007 3776 Gen.
1028 3723 1052 3788 3,
1074 3725 1115 3776 18.

353 3861 707 3930 '2denique=uamque
779 3864 1029 3917 hactenus-:uon
1046 3865 1165 3932 amplius
1211 3866 1332 3934 idpsum
1348 3865 1417 3926 MR.
1436 3866 1494 3934 ipso

352 3949 484 4002 {lcblems
538 3950 633 4003 debuit
659 3952 767 4013 MR³G‚
791 3953 873 4004 debui
898 3953 943 4018 R',
967 3951 1064 4006 habuit
1087 3954 1151 4010 Iun.
1176 3953 1258 4008 debet
1279 3953 1409 4009 tribuisse
1424 3957 1494 4022 fort.

352 4041 386 4090 lb
408 4039 541 4091 bonitatis
565 4039 676 4107 tratti,
701 4042 825 4094 bonitate
844 4042 881 4095 It*
947 4042 978 4094 21
1000 4043 1044 4095 dei
1063 4044 1105 4095 sui
1125 4043 1154 4095 F
1205 4043 1239 4096 22
1257 4043 1402 4096 febriculas
1415 4044 1493 4111 aaa:

351 4127 489 4180 febricitas
514 4128 582 4190 MR,
607 4129 774 4182 febricitates
798 4130 857 4182 Lat
924 4132 958 4184 23
983 4131 1053 4191 eliu
1078 4149 1128 4186 nec
1151 4131 1228 4200 Eup:
1252 4131 1317 4190 edit.
1340 4147 1390 4184 nec
1412 4131 1495 4200 culpo

350 4215 385 4268 25
405 4216 537 4275 obiectus,
555 4217 584 4270 in
603 4217 679 4286 Eup:
698 4219 829 4272 obiectus.
849 4221 876 4272 in
896 4221 977 4288 ucclyo
1033 4222 1067 4276 26
1088 4225 1182 4275 exutus
1202 4221 1231 4272 F
1301 4237 1329 4274 es
1347 4221 1383 4286 R,
1402 4225 1445 4274 eat
1462 4220 1497 4274 M

350 4305 384 4356 27
405 4305 543 4374 perfecte?
562 4301 617 4358 alla
635 4307 676 4366 ul,
696 4309 816 4376 perfecta
836 4313 884 4361 est.
905 4309 958 4360 alia
977 4307 1023 4374 R¹‚
1044 4309 1227 4379 perfecturis.
1247 4310 1300 4364 alin
1319 4309 1359 4362 13³⁴
