3250 4959
436 357 481 412 Vl.
501 357 671 412 Aduereue
690 358 839 412 Praxean
859 358 974 412 29-30.
1214 363 1277 426 287

124 553 190 616 lilio
215 555 239 633 †
263 552 392 635 quidem
420 557 496 630 erat,
529 557 567 618 ut
598 559 688 637 pater
720 573 793 618 cnm
827 553 892 618 filio
922 558 1084 638 pateretur
1112 555 1142 619 ln
1176 573 1278 620 carne.

124 659 243 741 †qnia
266 660 326 723 lrce
344 662 546 724 retractatus.
569 678 627 724 uec
651 659 821 742 quiequam
842 660 982 745 negabit,
1002 660 1126 744 quande
1146 680 1203 726 nec
1222 681 1279 726 nee

124 765 191 846 pati
219 785 278 849 pre
308 765 365 831 dec
394 785 579 848 possumne,
611 766 673 830 aiei
701 767 837 849 spiritua
867 765 918 831 dei
951 767 996 832 eit
1027 767 1059 832 in
1092 768 1195 846 nobis,
1224 769 1278 851 qui

125 879 157 938 et
181 873 329 956 loquitur
355 872 394 938 de
416 873 508 938 nobie
535 892 616 956 quae
644 875 720 939 eunt
743 871 963 953 confessionis,
992 893 1052 940 nou
1077 873 1147 957 ipse
1171 876 1276 938 tamen

96 980 260 1062 spatians,
284 979 342 1044 aed
364 981 430 1062 pati
452 999 547 1063 pceee
570 983 746 1063 praestans.

167 1088 223 1151 30.
248 1086 401 1168 Alioquin
423 1087 450 1152 ei
469 1089 555 1152 ultra
572 1106 696 1171 perges,
721 1091 831 1171 petere
861 1088 921 1154 tibi
945 1086 1056 1152 durius
1087 1086 1277 1170 respendere

124 1198 155 1258 et
177 1197 211 1258 te
231 1212 306 1258 cum
325 1193 427 1276 ipsine
447 1194 566 1259 domini
585 1194 840 1276 pronuntiatione
860 1195 1069 1272 committere,
1090 1195 1137 1259 uti
1157 1194 1274 1259 dicam:

125 1301 212 1382 ‘quid
236 1299 276 1364 de
300 1300 363 1366 ietc
387 1301 533 1383 quaeris?
557 1301 656 1366 habea
688 1302 796 1385 ipsum
830 1303 1058 1367 exclamantem
1091 1302 1123 1364 in
1154 1301 1277 1384 paesic-

125 1425 176 1470 ne:
192 1407 296 1472 deus
315 1426 436 1485 meua,
457 1407 554 1472 dene
573 1427 695 1486 mene,
714 1413 759 1474 ut
777 1408 874 1491 quid
892 1427 950 1472 me
967 1407 1273 1490 dereliquisti‘?

85 1531 109 1573 ιο
127 1533 200 1598 erge
225 1517 284 1578 ant
305 1513 391 1579 lilius
415 1513 597 1597 patiebatur
620 1517 749 1597 epatre
778 1514 960 1593 derelictus,
990 1517 1022 1578 et
1049 1517 1139 1596 pater
1160 1533 1275 1596 pessus

124 1639 183 1684 nen
203 1624 265 1696 eet,
292 1621 346 1703 qui
364 1619 465 1685 filium
490 1619 672 1703 dereliquit;
698 1625 754 1686 aut
773 1622 799 1686 ei
819 1625 993 1705 peteteret
1012 1620 1274 1703 quipatiebatur‚

125 1727 164 1790 ad
191 1747 290 1810 quem
319 1727 414 1791 deum
442 1729 659 1793 exclamabat?
689 1727 746 1793 eed
772 1727 852 1792 haec
875 1746 938 1793 uox
961 1728 1062 1792 carnis
1087 1732 1119 1792 et
1142 1726 1275 1807 animae,

124 1833 156 1897 id
184 1838 235 1898 est
263 1834 413 1914 hominia,
445 1852 506 1898 nou
537 1834 691 1899 sermonis
719 1853 777 1899 nec
805 1835 948 1916 spiritua,
982 1833 1015 1899 id
1043 1837 1092 1899 eet
1123 1853 1184 1898 non
1214 1834 1274 1912 dei,

126 1944 290 2023 propterea
319 1941 436 2005 emieea
464 1944 524 2018 eet,
552 1944 590 2004 ut
617 1941 848 2024 impassibilem
877 1940 970 2006 deum
999 1940 1190 2016 detenderet,
1220 1941 1274 2022 qui

88 2060 110 2099 1⁵
126 2047 170 2110 eie
201 2046 308 2112 lilium
340 2046 480 2128 reliquit,
508 2046 582 2110 dum
615 2047 778 2112 homiuem
806 2047 875 2111 eius
900 2045 1040 2126 tradidit
1066 2047 1098 2111 iu
1127 2050 1273 2111 mortem.

126 2153 183 2218 hec
202 2158 235 2219 el
254 2153 418 2237 apostolus
439 2154 540 2218 eeneit
559 2154 714 2219 scribens:
740 2154 772 2218 ei
793 2158 908 2237 pater
927 2152 1021 2218 filio
1046 2172 1118 2218 non
1138 2173 1271 2237 peper-

126 2260 191 2326 cit.
220 2260 282 2325 hec
309 2264 343 2325 et
373 2260 484 2325 llaaiae
513 2262 599 2344 prior
621 2261 852 2344 pronuntiauit:
887 2264 926 2326 et
958 2259 1144 2324 deminus
1185 2280 1271 2324 eum

126 2366 303 2432 tradidit
334 2387 403 2451 pro
436 2367 606 2433 delictis
638 2368 807 2433 nostrie.
841 2367 887 2432 eic
919 2367 1060 2450 reliquit,
1103 2367 1178 2433 dum
1209 2387 1270 2432 non

126 2475 233 2554 parcit,
263 2475 310 2540 eic
338 2475 479 2557 reliquit,
512 2475 587 2539 dum
621 2474 727 2539 tradit.
761 2478 900 2539 ceterum
935 2495 994 2540 non
1026 2474 1157 2557 reliquit
1183 2477 1273 2556 pater

86 2594 110 2632 ²⁰
127 2581 235 2658 lilium,
266 2582 299 2645 in
328 2582 420 2646 cuiue
448 2582 594 2647 manibus
622 2581 708 2646 filius
736 2582 886 2664 spiritum
915 2601 1009 2647 enum
1037 2581 1156 2664 posuit.
1186 2581 1271 2646 deui-

126 2707 184 2769 que
211 2688 323 2772 posuit
350 2693 383 2753 et
410 2688 518 2754 atatim
547 2688 642 2762 obiit;
675 2688 790 2770 epiritn
820 2689 902 2752 enim
936 2693 1081 2753 manente
1114 2689 1148 2752 in
1180 2707 1271 2752 carne

126 2812 193 2860 carc
221 2795 350 2861 omnino
378 2795 458 2861 muri
485 2815 547 2860 non
571 2798 687 2879 puteat.
715 2796 762 2860 ita
789 2795 926 2877 relinqui
950 2799 1080 2878 epatre
1104 2795 1270 2860 meriluit

209 3054 483 3125 cineraceam.
567 3059 611 3127 re]
631 3056 708 3110 acm.
727 3058 753 3120 e,
772 3057 816 3110 aa.
882 3057 926 3125 rr]
949 3057 991 3110 aa.
1011 3058 1054 3124 aa,
1075 3057 1099 3109 c.
1166 3057 1211 3126 20]
1233 3056 1267 3110 cr.

126 3143 185 3197 cue.
203 3146 247 3210 aa,
266 3147 310 3199 re.

127 3335 210 3392 dicen
231 3339 303 3392 uelle
327 3345 466 3393 auctorem
483 3341 658 3408 perspicuum
680 3345 733 3393 eet:
754 3340 870 3408 epiricus
892 3355 950 3392 uon
972 3355 1022 3392 auo
1045 3340 1162 3402 nom-ine,
1181 3339 1212 3391 id
1232 3344 1270 3392 eat

126 3426 188 3492 ipre,
205 3429 237 3480 in
250 3427 316 3496 filia
335 3444 440 3497 paeane
462 3434 509 3496 eat,
531 3429 580 3482 ced
597 3445 687 3496 puceu
710 3435 749 3482 eat
771 3429 802 3481 in
825 3428 890 3497 filiu
914 3443 987 3495 earu,
1011 3443 1082 3496 quae
1105 3427 1213 3495 quidem
1238 3433 1269 3479 ut

124 3517 184 3580 puli
199 3524 295 3584 peccet
317 3518 391 3586 equit
412 3518 515 3586 epiritu
538 3517 672 3572 adiutore.
694 3519 759 3571 inde
781 3518 866 3572 uelim
883 3518 1038 3571 restituere:
1062 3517 1132 3585 quia,
1156 3517 1180 3568 ei
1204 3516 1268 3584 quid

127 3619 244 3670 pascum
263 3610 306 3659 eet
324 3608 353 3660 in
375 3606 441 3673 filio,
466 3606 545 3675 qnid
569 3607 638 3661 eet?
662 3609 729 3675 erat,
752 3610 784 3659 ut
807 3611 886 3676 pater
910 3623 969 3659 cnm
993 3607 1049 3660 filio
1074 3609 1220 3675 peteretur,
1240 3605 1267 3658 ia

128 3707 209 3748 carne.
263 3695 280 3747 2
300 3695 348 3764 qui
365 3695 416 3748 hoc
434 3696 614 3750 retractatur?
638 3699 683 3763 (=
702 3696 732 3748 iu
752 3697 866 3749 dubium
883 3701 1012 3762 uocatur)
1029 3697 1115 3763 furt:
1134 3695 1268 3763 quiahoc

126 3786 281 3836 retractatus
299 3783 336 3836 M
353 3787 396 3850 (ue
414 3784 446 3837 in
463 3795 482 3838 u
500 3801 568 3839 corr.
592 3801 627 3837 m.
650 3788 675 3848 1)
699 3783 760 3848 PF,
780 3784 912 3854 quiahoc
931 3788 1107 3838 retractatum
1134 3783 1266 3838 GOetle-

128 3911 171 3949 rua
269 3915 321 3953 nec
349 3899 411 3962 (alt.
431 3901 500 3967 luco)
520 3898 556 3967 F,
584 3905 613 3954 et
640 3899 701 3952 PM
768 3901 784 3954 3
813 3918 953 3970 possumne
977 3900 1038 3961 PF,
1067 3866 1209 3970 {dieamus
1233 3899 1270 3952 Μ

129 3991 188 4044 luen
205 3986 269 4043 edd.
288 4006 324 4042 m.
343 3993 369 4056 1)
440 3990 493 4042 niel
511 3989 581 4053 ΜΡ,
600 3989 624 4042 ei
641 3989 669 4041 P
721 3990 737 4042 6
756 4006 853 4058 pergae
871 3990 982 4058 ecrepaa':
1001 4006 1116 4059 pergens
1130 3987 1266 4052 PMFR&

128 4087 217 4143 pergae
245 4076 284 4131 13³
302 4079 386 4147 urelm
440 4079 457 4132 8
483 4077 569 4132 habea
595 4075 643 4145 12³,
675 4078 760 4131 habet
786 4077 913 4133 PMFR¹
972 4079 988 4132 9
1017 4077 1206 4148 derelinquisti
1232 4076 1269 4130 Μ

130 4160 159 4213 15
175 4164 284 4236 reliquit
302 4167 371 4234 ΡΜ,
391 4165 538 4235 dereliquit
555 4165 611 4220 FR
662 4167 696 4221 19
713 4167 802 4236 parcit
821 4167 868 4234 12³,
887 4172 981 4236 parcet
999 4166 1127 4221 ΡΜΕῊι
1180 4168 1268 4222 tradit

129 4247 170 4309 lli,
188 4254 277 4308 tradet
293 4253 421 4309 PMFR¹
