3250 4959
340 413 403 476 142
568 407 683 473 Quinti
704 406 846 476 Septimi
865 407 1035 460 Florentio
1054 405 1255 460 Tertulliani

336 621 374 667 ex
397 600 506 680 nihilo,
530 600 558 664 si
582 599 702 683 aliquid
726 619 762 663 ex
785 598 904 665 nihilo?
935 599 996 664 nisi
1020 599 1048 663 si
1071 598 1267 664 insufficiens
1290 599 1353 663 tuit
1376 597 1486 662 diuina

338 709 442 773 uirtus
467 707 613 772 omnibus
637 706 859 790 producendis,
883 726 962 789 quae
986 705 1107 788 aliquid
1129 705 1298 789 protulerit
1320 724 1356 770 er
1374 704 1485 769 nihilo.

337 819 395 879 aut
418 815 445 878 si
470 833 506 878 ex
529 813 662 877 materia
685 812 768 876 mala
786 812 904 878 bouum
928 813 1095 895 processit,
1119 812 1194 893 quia
1210 831 1312 893 neque
1331 830 1368 875 er
1385 810 1485 875 nihilo

337 938 439 1003 neque
459 938 496 984 ex
515 919 583 994 deo,
609 922 769 1001 sequetur,
789 921 827 982 ut
846 937 882 983 ex
901 918 1106 984 conuersioue
1124 919 1314 1000 processerit
1337 918 1487 982 materiae

337 1031 449 1092 contra
472 1026 659 1110 denegatam
688 1025 806 1089 aeterni
834 1025 1083 1091 conuersionem.
1110 1025 1156 1088 ita
1177 1024 1346 1088 undeunde
1368 1024 1486 1089 bonum
1515 1043 1527 1080 a

337 1134 496 1212 constitit,
516 1133 578 1197 iam
599 1131 728 1216 negabit
741 1132 958 1216 Hermogenes
977 1131 1050 1196 inde
1068 1131 1151 1195 illud
1169 1134 1314 1196 constare
1332 1130 1486 1214 potuisse.

338 1259 469 1306 necesse
502 1243 552 1305 est
584 1244 691 1304 autem
725 1257 759 1303 er
792 1240 899 1320 aliquo
932 1257 1041 1303 eorum
1069 1238 1269 1321 processerit,
1303 1257 1340 1302 er
1371 1237 1486 1321 quibua

339 1347 471 1432 negauit
499 1346 666 1431 procedere
694 1346 850 1428 potuisse.
884 1349 1025 1411 ceterum
1055 1347 1083 1411 si
1109 1345 1181 1410 ideo
1213 1344 1333 1410 malum
1361 1364 1423 1409 non
1451 1362 1486 1407 ex

340 1455 451 1533 nihilo,
476 1474 515 1519 ne
539 1452 672 1530 delitet,
698 1453 735 1518 de
760 1455 851 1518 ouius
875 1453 1005 1517 arbitrio
1029 1452 1191 1517 uidebitur
1212 1452 1344 1530 factum,
1373 1450 1487 1515 seder

340 1561 482 1637 materia,
507 1564 544 1625 ut
565 1560 668 1644 ipsius
692 1559 745 1634 sit,
766 1560 803 1624 de
828 1559 919 1624 cuius
944 1559 1125 1624 substantia
1148 1560 1207 1624 orit
1224 1560 1355 1636 factum,
1375 1562 1408 1622 et
1424 1558 1486 1631 hic,
1505 1578 1527 1616 n
1592 1566 1593 1615 ἒ

340 1667 474 1748 uldini,
499 1671 609 1732 auctor
631 1666 707 1730 mali
731 1651 900 1731 habebitur
923 1666 1012 1744 deus,
1040 1667 1106 1748 qui,
1134 1684 1206 1730 cum
1235 1665 1345 1730 eadem
1369 1667 1487 1729 uirtute
1592 1642 1593 1727 l

340 1778 374 1840 et
397 1775 562 1839 uoluntate
587 1772 750 1838 debuisset
778 1774 885 1837 omnia
911 1772 993 1838 bona
1016 1792 1051 1837 ex
1079 1774 1212 1837 materia
1238 1773 1411 1855 protulisse
1434 1775 1488 1835 ant
1592 1740 1593 1795 ¹

338 1884 467 1946 tantum
486 1880 578 1959 bona,
603 1899 663 1944 non
685 1880 789 1945 omnia
807 1883 911 1944 tamen
931 1880 1013 1944 bona
1035 1879 1168 1963 protulit
1192 1879 1248 1944 sed
1274 1879 1372 1943 etiam
1396 1879 1486 1950 mala

339 1989 454 2071 utique
487 1989 541 2050 ant
573 1987 684 2051 uolens
717 2005 788 2051 esse
818 1986 910 2063 mala,
936 1987 963 2052 si
990 1989 1116 2069 poterat
1142 1985 1277 2065 efficere,
1307 2005 1345 2050 ne
1372 1987 1487 2049 esseut.

341 2098 399 2158 ant
418 2113 478 2158 non
498 2094 608 2157 ualens
629 2093 752 2158 efficere
769 2095 874 2157 omnia
897 2094 988 2170 bona,
1013 2094 1041 2158 si
1065 2095 1170 2158 uoluit
1193 2096 1226 2158 et
1249 2112 1308 2158 nou
1331 2093 1419 2172 fecit,
1442 2115 1487 2162 ee
1505 2109 1526 2148 ¹⁵
1592 2104 1593 2169 l

343 2200 419 2264 dum
443 2200 523 2264 nihil
545 2198 672 2264 intersit
692 2218 749 2281 per
772 2199 988 2264 infirmitatem
1012 2199 1158 2265 dominus
1183 2203 1294 2265 auctor
1315 2201 1393 2264 mali
1416 2201 1489 2266 exti-
1592 2234 1593 2243 ι

340 2307 419 2370 terit
449 2325 486 2370 an
517 2325 572 2388 per
599 2306 808 2370 uoluntatem.
838 2309 894 2370 ant
921 2325 1001 2389 quae
1028 2306 1090 2371 fuit
1116 2306 1207 2384 ratio,
1240 2310 1277 2371 ut
1304 2325 1377 2371 cum
1410 2307 1489 2372 bona

343 2411 475 2478 lecisset
493 2413 583 2494 quasi
603 2412 716 2490 bonus,
741 2413 837 2477 etiam
856 2413 941 2476 mala
957 2412 1145 2495 protulisset
1168 2413 1260 2495 quasi
1283 2431 1343 2478 non
1368 2414 1488 2478 bonus?

344 2538 400 2584 cur
432 2537 494 2583 non
527 2520 733 2602 congruentia
766 2518 827 2582 sibi
861 2514 1062 2585 solummodo
1094 2519 1215 2584 edidit?
1253 2519 1329 2603 quid
1361 2538 1489 2584 necesse
1592 2532 1593 2535 ’

341 2628 411 2689 erat
429 2645 487 2690 suo
509 2644 601 2708 opere
620 2625 744 2708 prolato
764 2625 860 2689 etiam
879 2626 1030 2690 materiae
1049 2626 1215 2710 negotium
1234 2645 1342 2691 curare
1361 2626 1489 2709 proinde
1504 2642 1527 2680 a

341 2735 376 2797 et
418 2732 537 2796 malum
580 2731 788 2816 proferendo?
831 2733 919 2796 solus
961 2735 999 2796 ut
1034 2736 1278 2816 cognosceretur
1314 2735 1416 2798 bonus
1453 2731 1490 2796 de

340 2837 436 2914 bono,
466 2839 600 2903 materia
632 2842 740 2903 autem
768 2857 807 2902 no
836 2843 1080 2921 cognosceretur
1108 2839 1191 2903 mala
1218 2839 1257 2904 de
1285 2841 1390 2905 malo?
1418 2838 1490 2923 plus

345 2945 462 3010 bonum
479 2945 639 3010 floruisset
658 2946 724 3010 sine
739 2945 816 3009 mali
831 2945 950 3010 afflatu.
969 2965 1043 3010 narn
1058 2951 1090 3011 et
1102 2947 1319 3030 Hermogenes
1335 2949 1492 3031 expugnat
1592 3014 1593 3051 ἢ

342 3050 543 3134 quorundam
567 3052 868 3134 argumentationes,
893 3052 1066 3117 dicentium
1090 3053 1174 3117 mala
1192 3053 1371 3119 necessaria
1392 3053 1492 3119 fuisse
1592 3094 1593 3139 3

345 3158 384 3223 ad
420 3158 694 3224 inluminationem
731 3159 886 3225 bonorum
923 3179 958 3224 ex
996 3161 1159 3225 contrariis
1195 3159 1528 3244 intellegeremus

342 3284 420 3351 ergo
454 3269 509 3330 ant
541 3284 597 3330 nec
635 3269 801 3347 propterea
833 3266 923 3331 locus
957 3267 1032 3330 mali
1064 3265 1241 3350 proferendi
1273 3267 1344 3343 fuit,
1378 3269 1435 3330 aut
1464 3266 1491 3330 si

341 3389 407 3453 qua
431 3371 493 3435 alia
512 3370 591 3436 ratio
612 3372 715 3456 eregit
733 3371 815 3436 illud
833 3373 950 3450 induci,
975 3393 1031 3437 cur
1048 3391 1110 3436 non
1131 3377 1164 3438 ot
1182 3393 1218 3438 ex
1236 3372 1334 3438 nihilo
1354 3372 1494 3457 potuerit
1592 3404 1593 3453 ι

381 3685 398 3736 2
426 3682 576 3753 protulerat
598 3684 668 3752 fort.
723 3684 740 3736 4
764 3684 887 3752 sequitur
909 3684 939 3737 F
990 3686 1007 3737 5
1031 3683 1192 3755 denegatam
1210 3684 1257 3753 1³³,
1281 3683 1417 3755 denegant
1439 3686 1492 3739 iam

345 3770 469 3825 PNFR¹
550 3769 693 3824 undeunde
723 3770 864 3826 Oehleruo:
895 3771 966 3826 unde
993 3771 1079 3826 PNF
1139 3773 1155 3827 6
1187 3773 1251 3828 inde
1282 3789 1334 3828 om.
1364 3773 1493 3827 ΟΜΝ
1592 3806 1593 3813 1

348 3859 381 3914 12
404 3859 476 3914 bona
498 3876 549 3916 om.
573 3860 600 3912 P
656 3860 687 3914 13
708 3860 823 3930 protulit
845 3861 893 3915 sed
918 3861 1058 3917 oehlerus:
1084 3862 1243 3933 protulisset
1264 3861 1352 3916 PNF
1404 3864 1437 3917 14
1459 3879 1492 3915 ue
1592 3900 1593 3905 ,

346 3950 439 4002 essent
456 3947 531 4010 ΙΡΡ,
551 3964 661 4003 necesse
681 3953 723 4003 est
741 3948 837 4004 PNR¹
892 3952 926 4005 15
950 3951 1081 4004 lamonem
1103 3952 1226 4021 eipnaai:
1251 3953 1368 4020 turpiter
1390 3955 1492 4005 utrum-
1592 3948 1593 3957 ’

348 4050 399 4104 que
426 4037 472 4090 uel
498 4036 586 4090 simile
610 4037 721 4105 aliquid
743 4037 917 4092 desideratur
973 4039 1004 4093 18
1034 4039 1110 4107 quasi
1132 4039 1197 4103 ΡΝ,
1227 4056 1281 4108 qua
1303 4039 1334 4094 F
1386 4040 1420 4094 19
1448 4055 1494 4094 eur

342 4125 456 4192 scripsi:
487 4139 545 4177 cum
565 4123 653 4178 PNF
722 4141 775 4178 non
804 4128 981 4196 congruentia
1008 4126 1067 4179 ΡΝ
1092 4144 1145 4180 ιιοιι
1172 4129 1300 4198 gruemin
1321 4128 1351 4181 F
1402 4130 1436 4183 21
1461 4128 1493 4182 de

345 4212 417 4265 bona
440 4211 471 4266 F
549 4213 583 4265 22
611 4229 644 4266 ne
669 4213 731 4282 ΡΝ,
760 4229 808 4267 nec
838 4232 868 4268 eo
893 4215 922 4268 F
1010 4215 1101 4270 malo?
1129 4217 1190 4286 plus
1218 4217 1296 4286 Enp:
1323 4217 1404 4270 malo.
1432 4218 1494 4288 plns

344 4299 430 4367 uulpo
718 4305 721 4312 '
