3250 4959
411 400 412 403 ’
436 384 474 441 Il.
493 386 538 440 De
557 385 674 441 Carnis
692 384 951 441 Resurrectione
970 384 1085 439 21-22.
1291 390 1333 451 55

183 602 275 647 mum
312 586 346 647 ot
378 580 539 648 occultum
572 598 630 646 nec
663 580 721 645 ulli
754 584 878 663 praeter
905 580 987 662 patri
1014 583 1136 658 notum,
1169 585 1201 644 et
1228 585 1333 647 tamen

183 688 286 772 signis
306 690 401 772 atque
416 688 570 772 portentis
586 690 619 751 et
637 685 903 751 concussionibus
919 671 1148 750 elementorum
1163 690 1196 751 et
1209 687 1334 752 condic

180 793 359 859 tationibus
392 793 555 859 nationum
594 796 827 875 praenotatum.
861 793 1042 856 euoluerem
1075 792 1268 875 prophetias,
1305 793 1334 859 si

181 900 332 965 dominus
355 900 425 983 ipse
448 900 603 965 tacuisset
625 936 669 945 -
694 898 755 963 nisi
779 897 865 981 quod
889 901 922 963 at
944 899 1129 981 prophetiae
1157 918 1218 965 nox
1246 903 1334 965 erant

132 1032 162 1071 ,ε
181 1006 304 1072 domini
332 1044 375 1053 —
406 1006 462 1071 sed
485 1007 557 1089 plus
582 1008 641 1083 est,
671 1005 755 1089 quod
778 1005 851 1070 illas
875 1025 934 1071 suo
959 1024 1011 1070 ore
1040 1006 1214 1089 consignat.
1236 1005 1332 1071 inter·

180 1116 314 1197 rogatus
347 1132 366 1177 a
397 1113 575 1197 discipulis,
609 1112 734 1196 quando
768 1115 921 1177 euentura
954 1114 1061 1177 essent
1093 1130 1173 1193 quae
1205 1112 1330 1177 interim

180 1220 222 1283 de
253 1220 366 1302 templi
398 1219 484 1285 exitu
517 1224 672 1303 eruperat,
706 1218 847 1284 ordinem
881 1221 1060 1301 temporum
1092 1218 1193 1301 primo
1226 1218 1330 1283 ludai-

180 1345 292 1391 corum
324 1345 426 1410 usque
458 1326 497 1391 ad
529 1326 686 1391 excidium
718 1326 931 1402 Hierusalem,
969 1324 1082 1389 dehinc
1114 1325 1330 1390 communium

179 1432 337 1514 usquead
357 1434 591 1499 conclusionem
613 1432 732 1498 saeculi
752 1430 877 1515 digerit.
897 1450 970 1496 nam
988 1436 1198 1513 posteaquam
1217 1432 1329 1497 edixit:

133 1544 222 1609 noct
250 1542 346 1604 tunc
379 1540 459 1603 erit
489 1538 749 1603 Hierusalem
781 1536 1046 1603 conculcatui
1079 1537 1327 1617 nationibus,

181 1649 307 1713 donec
353 1645 656 1728 adimpleantur
696 1649 881 1725 tempora
925 1643 1145 1718 nationum,
1183 1644 1327 1729 adlegen-

180 1754 292 1817 darum
311 1752 470 1818 sciliceta
489 1752 547 1817 dec
566 1755 599 1816 et
618 1752 905 1836 congregandarum
921 1770 995 1815 cum
1009 1750 1153 1832 reliquiis
1167 1751 1328 1829 israhelis,

177 1859 253 1925 inde
270 1860 334 1923 iam
353 1858 385 1922 in
406 1859 512 1924 orbem
527 1860 560 1922 et
577 1859 609 1923 in
629 1859 793 1925 saeculum
812 1856 973 1939 praedicat
992 1856 1168 1921 secundum
1185 1858 1326 1923 Iohelam

179 1972 214 2031 et
226 1964 414 2029 Danihelem
430 1968 461 2028 et
476 1965 661 2029 uniuersum
674 1963 845 2029 concilium
859 1964 1084 2046 prophetarum
1099 1964 1207 2028 lutura
1220 1965 1328 2049 signa

133 2096 160 2141 aa
178 2073 217 2137 in
241 2073 319 2137 sole
344 2075 381 2136 et
403 2072 492 2136 luna
516 2074 552 2135 et
574 2070 611 2135 in
636 2070 777 2149 stellis,
807 2070 1092 2135 conclusionem
1120 2071 1325 2151 nationum,

178 2198 261 2244 cum
285 2183 440 2262 stupore
464 2178 615 2243 sonitus
639 2178 751 2243 maris
776 2179 812 2241 et
836 2180 962 2241 motus
989 2178 1325 2262 refrigescentium

178 2286 369 2351 homiuum
398 2303 484 2367 prae
507 2288 607 2349 metu
637 2289 674 2349 et
698 2284 961 2367 expectatione
985 2304 1124 2362 eorum,
1147 2302 1241 2367 quae
1263 2286 1325 2348 im-

177 2392 345 2457 mineant
377 2390 459 2456 orbi
489 2394 621 2455 terrae.
654 2390 823 2455 uirtutes
851 2391 958 2466 enim,
986 2390 1102 2473 inquit,
1134 2392 1323 2458 caelorum

178 2497 525 2576 commonebuntur,
541 2501 578 2562 et
592 2502 681 2561 tunc
700 2497 885 2563 uidebunt
903 2498 1030 2563 filium
1044 2497 1208 2563 hominis
1223 2499 1324 2564 ueni·

130 2630 159 2673 ac
177 2608 300 2669 entem
315 2604 350 2667 in
365 2604 528 2671 nubibus
544 2623 625 2670 cum
645 2605 811 2688 plurimo
831 2607 1031 2687 potentatu
1051 2608 1088 2668 ct
1105 2605 1238 2688 gloria.
1257 2605 1323 2669 ubi

68 2750 70 2753 v
177 2713 311 2775 autam
331 2711 542 2795 coeperint
565 2712 647 2775 ista
665 2711 771 2790 fieri,
793 2711 1012 2794 emergetis
1033 2713 1073 2775 et
1095 2711 1321 2778 eleuabitis

177 2818 316 2900 capita
334 2817 601 2899 uestraquod
619 2818 847 2901 redemptio
867 2823 1008 2883 uestra
1026 2816 1322 2900 adpropinqua-

175 2924 291 2989 uerit.
325 2934 357 2989 et
389 2926 494 2988 tamen
523 2923 775 3007 adpropinquare
803 2944 872 2989 eam
903 2924 991 3003 dixit,
1019 2943 1081 2989 non
1108 2923 1220 2989 adesse
1247 2924 1320 3004 iam,

175 3034 208 3093 ot
244 3046 317 3092 cum
355 3028 516 3112 coeperint
549 3028 612 3093 ista
648 3028 726 3107 fieri,
763 3049 825 3094 non
858 3049 930 3094 cum
963 3029 1047 3094 lacta
1082 3029 1209 3109 luerint,
1247 3032 1322 3114 quia

130 3166 156 3207 aa
174 3156 246 3201 cum
284 3136 369 3201 facta
398 3136 526 3215 fuerint,
562 3140 638 3201 tunc
670 3136 771 3201 aderit
806 3136 983 3219 redemptio
1015 3141 1134 3216 nostra,
1166 3157 1246 3220 quae
1283 3159 1319 3205 eo

172 3262 276 3326 usque
290 3224 537 3328 adpropiriquaro
558 3243 683 3319 dicitur,
704 3244 828 3327 erigena
846 3243 972 3307 interim
993 3246 1026 3308 et
1040 3244 1178 3309 excitans
1198 3245 1320 3312 animoa

174 3352 213 3415 ad
234 3348 412 3432 proximum
435 3350 498 3413 iam
527 3350 594 3433 spei
622 3350 772 3441 fructum,
797 3350 892 3416 cuius
914 3350 1010 3414 etiam
1038 3351 1187 3433 parabola
1213 3353 1320 3417 subte-

171 3457 255 3525 xitur
273 3456 538 3521 tenerescentium
556 3457 702 3521 arborum
721 3457 754 3520 in
773 3456 908 3533 caulem,
927 3456 1013 3521 floris
1032 3461 1066 3521 et
1083 3456 1197 3523 dehinc
1216 3458 1317 3545 frugis

177 3700 179 3705 ,
262 3646 286 3716 r]
303 3646 336 3703 er.
350 3648 411 3701 rc.
428 3648 451 3715 1,
467 3649 491 3702 a.
546 3649 573 3718 a]
590 3648 623 3703 ar.
639 3648 701 3703 cua.
717 3649 760 3712 21,
774 3650 800 3706 a.
857 3614 1182 3718 sternuente-24.
1237 3650 1316 3720 spor.

171 3735 234 3791 Luc.
252 3737 296 3801 21,
319 3735 433 3789 25-28.
489 3737 533 3805 10]
557 3736 620 3791 Luc.
640 3738 682 3801 21,
706 3737 749 3791 24.
807 3738 855 3807 14}
872 3738 935 3794 Luc
955 3739 998 3801 21,
1017 3740 1132 3793 25-26.
1188 3740 1230 3809 18]
1251 3739 1315 3796 Luc.

171 3825 214 3891 21,
232 3825 347 3879 ao-aa.
401 3824 447 3893 aa]
468 3823 503 3879 cr.
519 3824 584 3878 nuc.
603 3826 646 3887 21,
665 3827 780 3881 ae-ar.

206 3934 219 3987 l
240 3937 349 4002 praeter
366 3930 462 3999 PMF,
481 3934 668 4002 praeterquam
689 3934 715 3989 R
733 3935 818 4003 culpo
873 3936 889 3987 5
909 3941 952 3989 est
969 3952 1013 3989 cna
1034 3935 1101 3991 PR¹
1155 3937 1169 3988 7
1191 3943 1316 4005 eruperat

170 4020 264 4081 PMF,
284 4024 430 4091 eruperant
450 4018 502 4074 cer
555 4020 571 4074 9
591 4021 692 4091 digerit
712 4022 778 4076 Get:
797 4022 893 4091 dirigit
910 4023 1001 4077 PMF
1053 4024 1084 4077 ll
1105 4023 1314 4092 adlegendarum

169 4108 568 4179 PMF,ac1eganca1um6er
624 4113 656 4165 12
670 4112 775 4182 reliquo
794 4112 846 4166 Gel
902 4114 934 4165 15
951 4113 1020 4181 <in>
1035 4112 1183 4167 lunaPam
1252 4132 1314 4168 oon-

170 4198 316 4253 alusionem
329 4199 420 4255 PMF
435 4202 554 4270 (procem
568 4198 687 4271 συνοχή),
702 4202 879 4256 conlisionem
893 4201 966 4254 Pom
1019 4201 1053 4260 28
1073 4205 1101 4254 et
1115 4200 1249 4269 <florem>
1267 4201 1314 4255 de-

168 4287 230 4342 hinc
251 4287 383 4343 ceramo
