3250 4959
315 403 380 466 576
544 399 663 466 Quinti
683 400 827 470 Septimi
846 399 1016 454 Florentia
1035 399 1238 453 Tertulliani

314 594 557 679 superinductos
585 595 670 675 illos,
704 599 736 660 et
764 595 911 660 omnibus
938 594 1113 660 nouissime
1137 593 1242 658 omnia
1264 591 1396 670 factum,
1426 595 1465 656 nt

314 721 422 767 omnes
451 702 637 768 lucraretur.
668 701 695 766 si
724 701 802 768 haec
826 719 953 784 quoque
975 700 1121 784 intellegi
1143 719 1181 764 ex
1203 699 1264 765 hoc
1286 698 1462 782 postulant,

313 807 348 872 id
375 827 501 891 quoque
529 826 621 873 nemo
650 807 820 888 dubitabit,
849 807 918 873 eius
941 807 992 872 dei
1015 810 1049 872 et
1071 805 1190 873 Christi
1212 805 1460 889 praedicatorem

314 915 461 992 Paulum,
491 914 581 980 cuius
605 914 721 998 legem,
750 914 896 997 quamuis
920 914 1098 993 excludens,
1125 913 1252 978 interim
1275 917 1383 978 tamen
1405 930 1460 994 pro

312 1020 510 1103 temporibus
543 1020 724 1098 admiserat,
757 1020 867 1085 statim
899 1019 1120 1098 amoliendam,
1153 1019 1181 1084 si
1213 1037 1333 1084 nouum
1366 1017 1458 1083 deum
1487 1039 1501 1080 r
1614 1014 1615 1017 ’

313 1127 507 1210 protulisset.
544 1127 624 1191 bene
662 1126 771 1211 igitur,
809 1127 894 1210 quod
932 1130 964 1192 et
995 1126 1138 1192 dexteras
1170 1125 1269 1191 Paulo
1307 1124 1462 1190 dederunt

313 1232 427 1298 Petrus
465 1237 497 1297 et
529 1231 664 1297 Iacobus
703 1235 734 1296 et
765 1232 920 1297 Iohannes
958 1236 992 1296 et
1028 1231 1066 1296 do
1102 1231 1200 1297 officii
1236 1231 1459 1296 distributione

313 1338 513 1422 pepigerunt,
549 1341 587 1402 ut
618 1337 737 1402 Paulus
774 1337 807 1401 in
839 1337 993 1416 nationes,
1029 1337 1079 1401 illi
1110 1338 1143 1402 in
1175 1337 1459 1413 circumcisionem,

312 1447 438 1508 tantum
470 1448 507 1508 ut
539 1443 762 1509 meminissent
788 1463 976 1528 egenorumt
1005 1448 1038 1508 et
1064 1444 1124 1509 hoc
1152 1443 1329 1508 secundnm
1356 1442 1460 1527 legem

313 1549 474 1629 creatoris,
497 1569 653 1633 pauperes
673 1554 705 1615 et
724 1569 841 1635 egenos
860 1550 1009 1627 fouentis,
1029 1551 1115 1616 sicut
1131 1549 1164 1615 in
1183 1549 1343 1634 euangelii
1362 1548 1460 1614 uestri
1475 1571 1500 1610 u
1616 1607 1617 1618 ,

312 1659 483 1721 retractatu
516 1656 684 1740 probatum
717 1661 776 1723 est.
814 1656 892 1722 adeo
925 1660 1051 1723 constat
1082 1657 1121 1721 de
1152 1657 1223 1741 lege
1255 1657 1325 1722 sola
1360 1655 1460 1720 fuisse

313 1762 542 1845 quaestionem,
565 1763 640 1828 dnm
660 1763 840 1829 ostenditur
859 1763 935 1846 qnid
954 1783 990 1828 er
1007 1765 1079 1849 lege
1093 1763 1248 1830 custodiri
1266 1763 1458 1828 conuenerit

312 1868 379 1934 ‘sed
406 1868 607 1951 reprehendit
631 1868 759 1934 Petrum
784 1889 844 1934 non
868 1873 954 1935 recto
977 1869 1057 1953 pede
1079 1870 1278 1936 incedentem
1302 1869 1343 1934 ad
1367 1887 1458 1933 ouan-

312 1975 388 2059 gelii
410 1975 600 2041 ueritatem'.
625 1975 718 2058 plane
740 1976 952 2060 reprehendit,
976 1995 1037 2041 non
1062 1978 1102 2043 ob
1122 1975 1209 2042 alind
1232 1982 1339 2042 tamen
1364 1994 1456 2058 qnam
1617 2050 1618 2069 χ

312 2081 351 2146 eh
389 2081 632 2148 inconstantiam
674 2083 793 2162 nictus,
836 2103 930 2167 quem
967 2103 1023 2166 pro
1060 2103 1266 2166 personarum
1303 2083 1457 2166 qualitate
1473 2101 1497 2142 a
1617 2130 1618 2133 ,

312 2189 465 2267 uariabat,
489 2189 606 2254 timens
634 2208 699 2268 eos,
725 2191 779 2274 qui
802 2197 891 2254 erant
914 2209 950 2254 er
973 2190 1225 2266 circumcisione,
1253 2208 1316 2254 non
1339 2189 1380 2254 ob
1403 2188 1457 2252 ali

311 2314 405 2376 quam
421 2295 599 2360 diuinitatis
615 2295 844 2374 diuersitatem‚
859 2296 898 2361 de
917 2315 980 2379 qua
998 2304 1032 2361 et
1049 2297 1122 2362 ahie
1141 2297 1172 2361 in
1192 2297 1305 2362 faciem
1323 2296 1455 2360 restitis-

312 2405 362 2465 set
379 2401 434 2482 qui
449 2400 486 2465 de
501 2401 622 2465 minore
639 2420 734 2467 cansa
753 2403 1002 2468 conuersationis
1021 2403 1189 2488 ambiguae
1207 2403 1302 2468 Petro
1315 2403 1380 2486 ipsi
1398 2420 1455 2466 nor

311 2507 462 2591 pepercit,
486 2507 514 2572 si
537 2507 696 2591 quomodo
720 2509 926 2574 Marcionitae
950 2510 1065 2576 uolunt
1091 2510 1321 2594 credi(disset.>
1411 2509 1456 2574 Do

312 2617 415 2679 cetero
448 2618 560 2699 perget
592 2613 757 2698 apostolus
790 2634 908 2700 negans
941 2636 977 2681 er
1005 2617 1153 2700 operibus
1181 2617 1264 2702 legis
1290 2616 1454 2682 iustificari
1469 2635 1497 2675 rr
1618 2614 1619 2617 ’

311 2719 470 2786 hominem
494 2721 551 2786 sed
575 2741 610 2786 er
638 2721 710 2800 fido,
735 2721 804 2787 eius
834 2723 1017 2788 dumtamen
1050 2723 1111 2800 dei,
1135 2725 1227 2789 ouius
1256 2727 1290 2788 et
1315 2723 1377 2790 lex.
1400 2741 1455 2788 nec

311 2825 393 2890 enim
407 2824 585 2892 laborasset
603 2827 698 2893 fidem
717 2829 825 2913 alege
844 2828 1032 2909 discernere,
1051 2849 1145 2913 quam
1165 2830 1337 2896 diuersitas
1354 2829 1455 2914 ipsius

311 2933 487 2998 diuinitatis
502 2934 586 3000 ultro
603 2935 819 3011 disoreuisset,
839 2936 867 3000 si
886 2936 1010 3000 luisset
1027 2936 1142 3001 merito
1157 2955 1218 3002 non
1237 2935 1457 3002 reaedificabat

311 3057 391 3122 quae
411 3038 576 3105 destruxit.
601 3039 721 3105 destrui
741 3045 847 3106 autern
867 3041 916 3107 ler
936 3042 1058 3118 babuit,
1083 3061 1118 3107 ex
1142 3061 1205 3125 quo
1228 3061 1291 3108 uox
1308 3042 1456 3107 Iohannis

312 3145 464 3211 clamauit
486 3147 516 3212 in
542 3165 661 3213 eremo:
690 3151 822 3228 parate
849 3149 933 3214 uias
962 3148 1113 3225 domini,
1141 3153 1179 3214 ut
1205 3147 1319 3213 fierent
1338 3149 1401 3212 riui
1423 3151 1497 3211 eta

311 3252 409 3318 colles
438 3257 469 3317 et
497 3258 621 3318 montes
649 3254 762 3337 repleti
791 3260 822 3318 et
859 3255 1019 3320 humiliati
1046 3258 1078 3320 et
1105 3259 1251 3321 tortuosa
1280 3259 1313 3320 et
1344 3273 1457 3339 aspera

310 3359 341 3422 in
374 3359 596 3424 rectitudinem
630 3364 662 3424 et
693 3361 723 3424 in
758 3380 896 3444 campos,
930 3359 962 3425 id
995 3365 1045 3427 est
1074 3360 1156 3448 legis
1188 3361 1393 3427 difficultates
1423 3361 1455 3425 in

402 3481 426 3552 l]
437 3481 470 3536 cl.
480 3480 494 3535 I
505 3483 564 3538 Cor.
575 3485 599 3547 9,
611 3485 653 3537 22.
708 3484 790 3553 6-9]
806 3485 839 3539 cf.
854 3483 913 3538 Gal.
929 3485 953 3548 2,
969 3484 1066 3540 9-10.
1118 3484 1161 3554 13]
1176 3484 1210 3539 ci.
1225 3483 1284 3539 Gal
1299 3483 1326 3552 2,
1342 3484 1454 3538 11-14.

313 3569 355 3639 16]
376 3569 409 3624 cl.
430 3569 488 3625 Gal.
508 3573 532 3634 2,
554 3572 595 3625 12.
636 3573 902 3642 ructuabant.
939 3574 984 3643 20]
1005 3573 1038 3628 cf.
1059 3573 1118 3629 Gal.
1139 3575 1164 3641 2,
1180 3573 1293 3630 15-16.
1330 3573 1454 3644 2z'rlLuc.

311 3659 336 3726 3,
355 3659 381 3712 t.
401 3658 434 3713 cl.
454 3658 499 3715 Es.
517 3661 562 3728 40,
582 3663 661 3718 3-5.

347 3765 618 3836 isuperinducticios
633 3768 705 3822 Pam
742 3768 912 3823 3dnbitanit
926 3769 962 3822 M
996 3768 1226 3824 bedmoliendam
1240 3769 1280 3822 M
1311 3769 1454 3822 Scircum·

311 3854 411 3908 cisione
430 3855 468 3908 M
505 3857 653 3925 9legeM
698 3857 1050 3912 12-uenerith1inrce.
1098 3859 1130 3912 17
1151 3857 1337 3912 diuersitatem
1356 3859 1456 3924 rereprr'

310 3945 355 4012 (cf.
378 3945 394 3998 l.
410 3947 473 4008 aas:
494 3946 700 4014 peruersitatem
714 3946 777 4001 MR
833 3948 866 4002 19
880 3948 1009 4017 pepercit,
1024 3949 1049 4000 si
1061 3948 1171 4015 sempsit
1192 3946 1322 4016 pepercit.
1336 3945 1360 3999 ei
1374 3945 1454 4005 MR'.

311 4033 439 4101 pepercit.
454 4032 501 4086 sed
512 4033 549 4086 1r³
559 4035 640 4103 culpo
696 4035 896 4104 credi(disset>
907 4037 1020 4104 sempsit
1033 4035 1113 4091 credi
1123 4034 1204 4094 MB1,
1214 4033 1454 4104 medimnum,

311 4121 374 4188 Eup
393 4127 478 4175 totum
497 4121 569 4176 hunc
588 4123 677 4178 locum
694 4126 734 4178 sic
747 4126 855 4178 restitui
865 4126 943 4179 uult:
960 4125 992 4191 si,
1011 4123 1145 4194 quomodo
1164 4123 1341 4176 Marcionitae
1359 4123 1455 4177 uolunt

311 4209 392 4272 credi,
408 4211 441 4264 de
459 4209 558 4263 Petro
579 4217 675 4280 pergat
690 4212 837 4282 apostolus,
852 4230 955 4282 negans
969 4220 1016 4268 etc.
1054 4214 1086 4265 21
1103 4213 1160 4266 eius
1175 4211 1331 4266 dnmtamen
1343 4213 1454 4280 compsi:

310 4297 428 4350 eiusdem
447 4301 538 4352 tamen
556 4301 618 4353 ΜΗ
