3250 4959
319 369 383 432 392
541 364 659 429 Quinti
680 366 822 435 Septimi
842 366 1014 420 Florentia
1033 366 1238 419 Tertulliani

317 559 515 623 moriendum
546 578 603 642 pro
636 561 727 625 nobis
760 560 920 641 dispositi,
953 562 1082 626 breuem
1115 561 1218 625 carnis
1251 566 1462 626 commeatum

317 685 377 730 non
402 666 578 731 debuerunt
600 667 756 732 nascendo
777 669 965 750 sumpsisse,
990 668 1064 751 quia
1082 687 1139 733 nec
1158 667 1322 733 moriendo
1343 667 1463 752 deposi-

316 774 378 837 turi
395 793 463 837 eam
478 774 613 838 fuerant.
624 773 680 837 sed
694 775 893 858 <undo>unde
908 779 1037 858 sumpta
1050 778 1082 839 et
1094 794 1221 858 quoquo
1231 773 1328 841 modo
1338 776 1462 839 omnino

317 880 466 957 demissa,
490 880 615 944 mentiti
638 899 708 945 eam
733 884 838 945 tamen
861 900 922 945 non
946 885 1029 945 sunt.
1051 881 1079 946 si
1099 885 1221 946 creator
1238 880 1317 945 iacit
1335 882 1462 967 angelos

317 986 447 1067 spiritus
467 988 499 1049 et
517 986 712 1070 apparitores
733 1005 808 1051 suos
827 987 934 1071 ignem
948 986 1143 1073 flagrantem,
1161 991 1227 1051 tam
1241 1006 1316 1051 uere
1332 988 1463 1070 spiritus
1493 1013 1507 1051 s

316 1112 410 1173 quarn
438 1096 470 1157 ei
495 1094 612 1176 ignem,
644 1093 729 1158 idem
757 1094 831 1159 illos
862 1112 938 1158 uere
969 1093 1048 1158 feeit
1079 1096 1117 1189 et
1144 1112 1280 1174 carnem,
1312 1098 1353 1159 ut
1384 1114 1464 1159 nuuc

314 1199 516 1263 recordemur·
548 1203 580 1263 et
611 1200 780 1265 haereticis
812 1200 1031 1265 renuntiemus
1065 1200 1135 1265 eius
1167 1219 1237 1265 esse
1269 1202 1461 1283 promissum

316 1305 458 1370 homines
491 1307 521 1369 in
556 1308 684 1391 angelos
717 1308 908 1372 reformandi
940 1306 1139 1389 quandoque,
1177 1307 1232 1389 qui
1268 1308 1402 1391 angelos
1432 1308 1461 1370 io

314 1411 458 1476 homines
481 1413 626 1477 formarit
648 1414 826 1496 aliquando.
1293 1398 1297 1405 ¹

362 1521 411 1584 10.
430 1520 534 1603 Igitur
552 1540 612 1586 non
632 1522 793 1586 admissus
808 1521 848 1585 ed
862 1522 1057 1586 consortium
1072 1522 1285 1604 exemplorum
1300 1522 1461 1593 creatoris,
1482 1548 1505 1581 a·

314 1627 352 1688 ut
379 1626 552 1691 alienorum
582 1630 613 1691 et
641 1647 717 1692 suas
744 1627 930 1692 habentium
959 1648 1082 1707 causas,
1108 1626 1206 1692 uelim
1234 1626 1311 1690 edas
1339 1625 1460 1707 etipse

314 1731 481 1795 consilium
506 1732 556 1797 dei
580 1735 639 1809 toi,
670 1753 732 1817 quo
757 1735 920 1800 Christum
943 1755 1038 1800 suum
1062 1754 1122 1798 non
1145 1734 1177 1797 in
1199 1733 1336 1797 ueritate
1360 1732 1461 1796 carnis

315 1838 466 1902 exhibuit.
494 1840 521 1904 si
550 1845 736 1923 aspernatus
765 1844 816 1906 esi
842 1843 929 1906 illam
958 1847 996 1906 ut
1023 1847 1178 1906 terrenam
1208 1844 1248 1917 et,
1276 1842 1316 1904 ut
1342 1840 1460 1915 dicitis,

313 1945 505 2011 stercoribus
536 1947 698 2025 infersam,
736 1967 792 2013 cur
823 1968 883 2013 non
918 1953 950 2013 et
982 1948 1187 2013 simulacrum
1224 1947 1294 2011 eins
1330 1946 1460 2029 proinde

312 2051 476 2134 despexit?
504 2054 623 2119 nullius
652 2055 734 2118 enim
764 2054 980 2138 dedignandae
1008 2055 1053 2119 rei
1080 2056 1187 2138 imago
1214 2052 1500 2137 dignoscamus

314 2158 457 2238 sequitur
471 2163 589 2223 statum
606 2160 794 2226 similitudo.
819 2162 885 2225 ‘sed
900 2161 1059 2244 quomodo
1072 2162 1155 2225 iuter
1167 2160 1312 2225 homines
1330 2176 1461 2223 conuer-

314 2268 444 2343 saretur,
464 2265 524 2329 uisi
547 2286 603 2347 per
620 2266 791 2349 imaginem
811 2268 1007 2332 substantiae
1026 2268 1211 2331 humanae’?
1230 2284 1286 2330 cur
1304 2284 1381 2349 ergo
1399 2284 1460 2329 non

313 2368 420 2450 potius
438 2389 494 2451 per
512 2372 689 2449 ueritatem,
713 2376 749 2436 ut
768 2392 843 2436 uere
862 2379 1111 2451 conuersaretur,
1131 2374 1159 2438 si
1177 2391 1306 2437 necesse
1323 2372 1463 2437 habebat

220 2492 224 2500 ’
313 2475 513 2539 conuersari?
546 2480 662 2558 quanto
692 2477 819 2562 dignius
848 2480 1023 2544 necessitas
1051 2480 1143 2544 iidem
1173 2498 1267 2561 quem
1296 2478 1462 2561 stropham

314 2581 579 2647 administrasset!
609 2586 687 2649 satis
716 2587 867 2651 miserum
892 2587 985 2652 deum
1009 2588 1163 2668 instituis
1185 2588 1246 2651 hoc
1268 2586 1351 2671 ipso,
1377 2584 1462 2668 qnod
1478 2602 1502 2640 oo

314 2688 473 2754 Christum
495 2710 590 2755 surim
610 2712 670 2757 non
689 2694 796 2775 potuit
815 2695 958 2758 exhibere
978 2696 1039 2759 nisi
1058 2696 1087 2758 in
1112 2695 1260 2778 indignae
1277 2696 1325 2759 rei
1344 2692 1463 2777 effigie.

313 2800 345 2856 ei
365 2796 490 2876 quidem
516 2798 645 2863 alienae.
670 2800 871 2883 aliquatenus
896 2802 978 2865 enim
1003 2802 1141 2885 indignis
1166 2802 1334 2866 conueniet
1351 2802 1411 2878 uti,
1434 2800 1462 2865 si

312 2903 439 2979 nostris,
465 2904 550 2968 siout
573 2906 681 2969 olienis
706 2926 766 2969 non
793 2912 947 2991 congruet
969 2909 1028 2985 uti,
1052 2909 1129 2971 licet
1152 2907 1264 2992 dignis
1293 2926 1350 2972 cur
1378 2908 1462 2971 enim

312 3028 370 3071 non
395 3010 427 3072 in
451 3010 558 3092 aliqua
581 3012 642 3077 alia
666 3012 806 3096 digniore
832 3014 1011 3078 substantia
1033 3014 1130 3079 rienit.
1160 3017 1193 3078 et
1218 3013 1364 3096 inprimis
1393 3033 1462 3088 sua,

312 3135 349 3177 ne
375 3119 406 3178 et
428 3116 557 3201 indigne
582 3123 614 3182 et
632 3119 733 3183 aliena
752 3120 914 3183 uideretur·
932 3120 1082 3204 eguisse?
1106 3120 1133 3183 si
1157 3123 1278 3185 creator
1294 3139 1387 3184 meus
1406 3140 1463 3202 per
1479 3132 1503 3171 2⁵

311 3222 427 3285 rubum
457 3243 582 3306 quoque
607 3228 638 3288 et
661 3226 778 3309 ignem,
808 3226 891 3289 idem
919 3231 1031 3307 postea
1054 3246 1110 3311 per
1132 3227 1249 3290 nubem
1273 3232 1306 3290 et
1328 3226 1463 3310 globum

312 3347 383 3391 enm
421 3329 548 3394 honrine
582 3350 771 3415 congressos
806 3339 855 3396 est
887 3335 919 3395 et
951 3333 1179 3398 elementorum
1212 3333 1397 3414 corporibus
1430 3333 1463 3395 in

310 3437 654 3515 repraesentationibus
684 3439 733 3502 sui
762 3459 842 3502 usos
871 3445 929 3516 est,
959 3440 1037 3503 satis
1065 3440 1145 3503 haec
1169 3439 1312 3520 exempla
1334 3438 1463 3503 hainae

399 3610 426 3677 4]
448 3608 480 3663 cl.
500 3609 543 3662 Ps.
565 3611 624 3677 103,
643 3613 668 3665 4.
723 3612 769 3679 25]
791 3611 824 3665 ol.
846 3611 928 3665 lircil.
948 3612 973 3678 3,
993 3613 1017 3668 2.
1072 3612 1119 3679 26]
1140 3610 1174 3663 cf.
1193 3608 1277 3663 hired.
1299 3609 1340 3671 14,
1361 3610 1403 3663 19.

349 3715 490 3767 lbreuem
506 3718 540 3773 ld.
561 3716 642 3769 breue
657 3716 721 3769 ΜΡ
768 3719 983 3771 2sumsiseeM
1033 3718 1185 3778 3fuerant‚
1204 3716 1355 3785 seduulpo
1409 3734 1458 3769 uu·

311 3802 416 3857 detrude
441 3806 527 3857 Proui:
550 3805 622 3859 uode
645 3806 707 3860 MR
797 3812 884 3859 sumta
909 3808 950 3875 M,
975 3812 1109 3875 sumptam
1128 3806 1157 3860 R
1245 3804 1325 3858 modo
1348 3806 1459 3858 mentiti

311 3894 419 3945 omnino
440 3893 474 3945 ,11
545 3896 562 3945 4
581 3893 698 3947 demissa
715 3896 830 3962 scripsi:
851 3894 989 3948 dimissam
1008 3895 1070 3949 MR
1139 3894 1173 3947 10
1191 3893 1325 3947 admissus
1342 3892 1390 3960 12³,
1410 3893 1457 3947 ad·

311 3982 421 4033 missurn
441 3980 515 4035 11111ι
563 3983 592 4035 11
615 4000 677 4035 suas
696 3998 747 4036 om.
768 3982 796 4033 1⁸
862 3982 1102 4035 uelimendasM
1146 3983 1178 4035 12
1197 3981 1304 4041 trina
1323 3981 1458 4036 utiofld

312 4072 343 4123 li
365 4071 497 4124 humanae
517 4088 567 4123 om.
587 4072 616 4125 F
667 4074 698 4124 19
719 4072 857 4140 stropham
872 4071 955 4138 ussd,
974 4071 1073 4124 stofam
1092 4072 1140 4137 R¹,
1159 4072 1260 4125 scofum
1275 4070 1307 4124 F
1353 4072 1388 4125 22
1406 4074 1457 4125 ali·

311 4164 443 4227 <pontonos
462 4162 573 4227 scripsi:
593 4161 738 4228 aliquantis
754 4161 815 4213 Mle
869 4162 911 4213 uti
931 4162 953 4213 si
973 4161 1015 4216 Μ,
1034 4166 1065 4213 ut
1084 4162 1107 4214 si
1125 4160 1173 4227 13¹,
1192 4161 1233 4213 uti
1247 4161 1287 4215 12³
1330 4163 1366 4215 26
1385 4162 1455 4215 idem

311 4248 357 4303 Jii.
377 4248 405 4299 id
425 4253 465 4300 est
485 4250 557 4302 olid
