3250 4959
413 392 473 449 VII.
493 392 661 447 Aduersus
680 393 880 448 Marcionem
899 395 947 450 lib.
967 393 1156 450 111134-35.
1273 397 1339 462 539
1363 431 1368 438 ·

194 589 276 652 alius
305 588 478 653 ulciscetur
501 589 685 652 scandalum
710 588 936 670 discipulorum
967 589 1046 654 eius.
1080 609 1214 673 agnosce
1241 591 1342 675 igitur

194 699 227 761 et
259 695 396 759 iudicem
427 699 459 759 et
491 695 546 758 illo
581 693 708 758 adfectu
740 694 997 777 pronuntiantem
1031 695 1069 759 de
1098 714 1172 760 cura
1199 715 1340 772 suorum,

194 821 257 884 quo
278 806 310 865 et
329 804 451 866 creator
473 805 572 865 retro:
596 800 664 882 qui
688 801 885 884 tetigerit
908 821 991 879 uos,
1016 821 1059 866 ac
1081 801 1116 866 si
1139 802 1340 884 pupillam

195 909 306 974 oculi
338 909 415 972 mei
447 911 600 992 tangat.
633 908 717 972 idem
751 927 863 972 sensus
897 908 1038 973 eiusdem
1068 913 1125 974 est.
1157 912 1340 991 peccantem

163 1016 324 1079 elratrem
352 1015 443 1079 iubet
471 1015 600 1097 corripi3
635 1014 720 1096 quod
744 1015 798 1096 qui
822 1034 882 1079 non
907 1015 1029 1091 fecerit,
1061 1014 1172 1096 ntique
1195 1014 1339 1097 deliquit,

196 1126 252 1186 aut
271 1140 307 1185 er
326 1121 398 1185 odio
417 1121 528 1186 uolens
549 1121 678 1185 fratrem
697 1121 729 1185 in
750 1121 866 1186 delicto
886 1139 1085 1203 perseuerare
1105 1125 1161 1184 aut
1179 1140 1214 1184 er
1233 1139 1340 1201 accep·

194 1228 280 1292 tione
317 1247 469 1310 personae
506 1246 636 1310 parcens
675 1228 719 1293 ei:
752 1227 850 1292 habes
882 1227 1077 1292 Leuiticum:
1115 1247 1189 1291 non
1227 1226 1340 1291 odies

195 1335 362 1399 fratrem
388 1340 499 1398 tuum
525 1334 718 1399 inanimo
746 1338 827 1414 tuo,
856 1333 1117 1400 traductione
1145 1333 1341 1398 traduces

195 1442 418 1524 proximum
443 1443 563 1519 tuum,
588 1441 700 1523 utique
725 1446 757 1506 et
779 1440 919 1519 fratrem,
944 1444 983 1504 et
1005 1459 1081 1504 non
1105 1459 1235 1506 sumes
1258 1459 1341 1521 pro·

151 1573 177 1612 10
195 1554 288 1629 pter
311 1547 428 1611 illum
454 1547 661 1612 delictum.
685 1566 741 1612 nec
765 1547 894 1624 mimm,
918 1547 946 1611 si
968 1547 1015 1610 ita
1034 1546 1127 1611 docet
1150 1547 1204 1628 qui
1227 1565 1341 1629 pecora

197 1673 322 1736 quoque
346 1653 451 1718 fratris
475 1653 533 1731 tui,
568 1653 596 1718 si
620 1654 754 1718 errantia
782 1653 812 1716 in
842 1653 897 1717 uia
922 1653 1091 1732 inueneris,
1117 1653 1264 1734 prohibet
1292 1653 1341 1716 de·

197 1760 324 1843 spicias,
349 1760 518 1842 quominus
540 1779 576 1824 ea
594 1759 725 1824 reducas
749 1760 849 1836 fratri,
868 1759 986 1823 nedum
1009 1760 1115 1842 ipsum
1135 1759 1206 1824 sibi.
1232 1759 1288 1824 sed
1311 1765 1343 1823 et

195 1866 321 1931 ueniam
342 1866 397 1930 des
416 1866 506 1930 fratri
523 1866 555 1930 in
574 1871 606 1930 te
627 1866 824 1949 delinquenti
842 1866 941 1943 iubet,
961 1866 1057 1930 etiam
1077 1866 1206 1948 septies.
1230 1885 1341 1949 pamm
1390 1891 1395 1900 ·

196 1973 299 2056 plane.
323 1975 396 2056 plus
422 1977 472 2037 est
495 1973 576 2037 enim
602 1973 685 2056 apud
710 1977 893 2052 creatorem,
913 1973 968 2055 qui
986 1991 1043 2037 nec
1061 1973 1192 2037 modum
1216 1973 1341 2049 statuit,

151 2105 178 2146 n
197 2080 228 2144 in
248 2077 408 2144 infinitum
426 2079 647 2162 pronuntians:
668 2080 812 2144 fratris
832 2080 1021 2145 malitiae
1039 2099 1186 2144 memor
1203 2057 1248 2144 ne
1272 2080 1341 2157 sis,

195 2204 253 2251 nec
286 2187 406 2268 petenti
438 2205 507 2251 eam
539 2190 682 2268 praestes
715 2186 854 2267 mandat,
886 2187 942 2251 sed
971 2189 1005 2250 et-
1030 2206 1092 2251 non
1119 2185 1248 2269 petenti.
1279 2205 1341 2250 non

196 2292 280 2358 enim
304 2293 401 2357 dones
425 2293 576 2357 offensam
599 2292 682 2370 uult,
702 2294 758 2357 sed
777 2293 988 2358 obliuiscaris.
1065 2293 1128 2356 Lex
1146 2294 1343 2374 leprosorum

199 2401 332 2481 quantae
358 2398 401 2463 sit
422 2398 692 2480 interpretationis
717 2418 792 2482 erga
816 2399 939 2482 species
957 2399 1059 2481 ipsius
1078 2397 1152 2463 uitii
1171 2402 1203 2462 et
1221 2399 1343 2481 inspec-

196 2505 328 2570 tationis
370 2506 488 2570 snmmi
529 2505 713 2584 sacerdotis,
750 2509 895 2570 nostrum
933 2506 993 2569 erit
1033 2505 1124 2581 scire,
1161 2505 1342 2582 Marcionis,

153 2611 416 2680 numerositatem
449 2612 530 2696 legis
564 2629 731 2694 opponere,
769 2617 806 2676 ut
838 2616 871 2677 et
902 2613 955 2676 hic
987 2613 1150 2678 Christum
1184 2612 1343 2677 aemulum

198 2719 268 2783 eius
283 2717 438 2797 adfirmet,
457 2720 711 2800 praeuenientem
731 2719 899 2784 sollemnia
916 2720 998 2803 legis
1017 2719 1114 2783 etiam
1133 2719 1164 2782 in
1184 2718 1344 2782 curatione

199 2825 308 2889 decom
331 2826 539 2908 leprosorum,
563 2845 642 2908 quos
665 2825 885 2889 tautummodo
909 2826 956 2890 ire
978 2826 1095 2903 iussos,
1124 2829 1162 2890 ut
1184 2844 1218 2888 se
1242 2828 1344 2888 osten·

199 2931 308 2996 dorent
335 2930 566 3008 sacerdotibus,
598 2932 629 2995 iu
656 2930 768 2994 itinere
801 2931 962 3016 purgauit,
996 2932 1063 2995 siue
1094 2936 1184 2996 tactu
1215 2931 1279 2995 iam
1313 2935 1345 2996 et

200 3038 268 3102 sine
291 3037 399 3114 uerbo,
428 3037 527 3102 tacita
549 3042 708 3120 potestate
733 3042 765 3101 et
790 3039 859 3101 sola
885 3037 1061 3102 uoluntate.
1096 3040 1187 3122 quasi
1214 3057 1344 3102 necesse

155 3173 181 3214 ss
201 3145 253 3222 sit,
291 3145 390 3208 semel
428 3143 637 3209 remediatore
674 3145 864 3226 languorum
901 3149 934 3208 et
970 3145 1121 3209 uitiorum
1159 3145 1343 3210 adnuntiate

201 3250 327 3316 Christo
356 3253 388 3314 et
415 3249 453 3315 de
482 3250 646 3315 effectibus
675 3252 818 3332 probato,
849 3251 886 3314 de
909 3250 1119 3332 qualitatibus
1144 3249 1345 3316 curationum

199 3359 362 3422 retractari
396 3362 451 3422 aut
478 3363 649 3422 creatorem
679 3359 710 3422 in
740 3357 868 3422 Christo
901 3357 940 3421 ad
972 3357 1077 3441 legem
1107 3356 1284 3440 prouocari,
1317 3357 1344 3420 si

201 3463 276 3544 quid
291 3464 392 3541 aliter,
413 3483 505 3546 quam
521 3464 592 3548 lege
607 3464 762 3540 distinxit,
782 3463 850 3546 ipse
870 3463 1013 3545 perfecit,
1034 3483 1106 3527 cnm
1126 3463 1217 3527 aliter
1234 3463 1345 3544 utique

290 3726 317 3798 3]
336 3725 415 3779 Zach.
435 3726 460 3794 2,
481 3725 506 3778 8.
587 3726 614 3795 4]
634 3725 668 3780 cl.
686 3725 752 3780 Luc.
773 3727 815 3796 17,
836 3726 860 3778 3.
935 3725 960 3794 7]
981 3725 1046 3778 Len.
1068 3726 1109 3791 19,
1129 3725 1170 3778 17.
1246 3724 1290 3792 10]
1311 3722 1344 3776 cl.

200 3812 283 3867 Erod.
303 3815 346 3881 23,
364 3815 390 3867 4.
465 3813 511 3882 12]
529 3813 562 3868 cf.
581 3813 646 3867 Luc.
667 3815 709 3882 17,
728 3815 752 3868 4.
837 3814 882 3880 15]
902 3811 967 3868 Leu.
984 3813 1025 3877 19,
1046 3811 1087 3864 18.
1162 3811 1206 3879 17]
1225 3811 1260 3869 cf.
1278 3811 1344 3865 Len.

201 3917 259 3971 cap.
281 3903 313 3956 13
333 3905 362 3955 et
382 3903 422 3954 14.
460 3901 827 3971 21]cf.Luo.17,11-1s.
864 3902 911 3970 22]
928 3901 962 3954 cf.
975 3901 1040 3956 Luc.
1057 3901 1099 3964 17,
1115 3900 1157 3954 14.
1199 3899 1345 3969 23]cf.ib.

236 4027 252 4079 5
272 4023 419 4094 deliquerit
430 4027 502 4093 fort.
552 4027 567 4078 7
587 4024 671 4078 habes
689 4025 800 4093 scripsi:
818 4023 921 4077 habens
939 4023 1002 4077 Ma
1051 4024 1067 4076 8
1086 4021 1212 4076 traduces
1230 4021 1273 4085 M,
1291 4039 1346 4075 non

200 4112 325 4167 traduces
343 4113 380 4182 R,
397 4113 541 4167 traducens
559 4111 615 4184 Rip
670 4114 703 4167 12
721 4112 798 4166 lratri
815 4114 902 4180 (tuo)
923 4111 975 4166 Gel
1025 4113 1058 4166 13
1077 4113 1124 4164 des
1142 4111 1225 4175 MR&
1245 4110 1288 4164 dei
1306 4109 1344 4164 Β]

203 4201 236 4256 16
255 4202 362 4271 petenti
379 4203 526 4271 <tantnm>
542 4203 608 4270 sort.
645 4201 677 4255 21
694 4203 912 4272 praeuenientem
926 4200 963 4270 R,
982 4200 1224 4271 praeuenienteM
1257 4201 1291 4253 27
1304 4217 1346 4253 re-

201 4293 502 4360 tractare-prouocare
516 4293 585 4358 sort.
659 4291 810 4361 prouocari;
831 4291 854 4343 si
871 4291 955 4360 culpo
