3250 4959
406 403 467 458 vn
487 403 655 458 Aduersus
674 405 874 460 Marcionem
891 405 941 460 lib.
959 405 1017 460 1111
1035 407 1150 460 21-22.
1286 408 1349 472 491

197 617 259 663 uon
277 614 314 664 sx
332 598 462 674 semine,
481 601 588 664 tamen
607 601 682 684 lege.
699 601 897 666 substantiae
913 600 1084 682 corporalis
1099 619 1137 666 ox
1150 601 1305 684 sangiune
1320 604 1352 666 et

197 704 341 784 humore,
364 723 425 772 nou
449 725 521 772 earo
544 705 673 772 halitus
697 710 769 772 ante
788 707 936 786 formam,
954 728 1015 773 non
1033 725 1133 790 pecus
1153 707 1352 790 dictuspost

197 811 342 898 liguram,
365 831 428 878 uon
452 811 562 878 decem
579 813 907 880 meusiumornciatu
932 814 1139 892 deliberatus,
1156 832 1220 880 non
1243 813 1352 880 subita

200 915 346 984 dolorum
374 919 582 986 concussione
609 939 683 986 oum
711 919 793 986 tanti
821 921 973 1003 temporis
1001 939 1098 1003 caeno
1125 939 1184 1005 por
1209 921 1352 1004 corporis

165 1045 178 1084 s
198 1026 340 1090 cloacam
359 1025 480 1090 effusus
499 1024 538 1090 ad
552 1027 678 1105 terram,
694 1045 751 1090 uec
766 1026 877 1091 statim
891 1027 998 1092 lucem
1010 1025 1153 1092 lacrimis
1166 1025 1351 1110 auspicatus

198 1150 235 1196 ex
252 1131 355 1215 primo
373 1131 542 1196 retinaculi
557 1131 608 1195 sui
622 1131 762 1209 uulnere,
778 1151 837 1196 nse
850 1134 991 1197 multum
1005 1133 1148 1210 ablutus,
1161 1151 1219 1196 nec
1233 1133 1300 1196 sale
1315 1150 1352 1196 ac

196 1237 292 1303 melle
307 1237 497 1316 medicatus,
512 1256 571 1302 nec
583 1238 696 1320 pauuis
707 1237 770 1302 iam
781 1239 964 1321 sepulturae
978 1238 1180 1304 inuoluerum
1195 1238 1351 1316 initiatus,

197 1362 255 1410 uec
270 1344 380 1410 exinde
393 1363 450 1427 per
464 1344 672 1409 inmunditias
687 1345 769 1409 inter
783 1345 873 1410 sinus
888 1346 1068 1424 uolutatus,
1077 1345 1234 1410 molestus
1247 1345 1351 1410 uberi·

196 1452 268 1530 bus,
292 1451 347 1516 diu
370 1451 483 1531 infans,
503 1451 558 1515 uix
575 1471 666 1538 puer,
688 1452 777 1516 tardo
801 1452 907 1531 homo,
932 1453 990 1518 sed
1012 1453 1051 1517 de
1070 1452 1158 1518 caelo
1178 1451 1351 1535 expositus,

151 1579 179 1620 ao
198 1559 298 1625 semel
317 1558 457 1643 grandis,
472 1559 572 1624 semel
592 1562 690 1636 totus,
708 1559 818 1626 statim
833 1559 992 1636 Christus,
1007 1560 1139 1644 spiritus
1154 1565 1188 1625 et
1200 1560 1306 1625 uirtus
1320 1561 1353 1623 et

198 1665 277 1730 dens
294 1669 436 1742 tantum;
451 1669 603 1743 ceterum,
617 1667 685 1749 (ut)
698 1683 760 1731 non
780 1685 887 1743 uerus,
903 1667 1030 1747 quinon
1045 1666 1224 1746 uidebatur,
1237 1667 1352 1731 itanee

199 1770 237 1836 de
256 1771 359 1836 erucis
379 1770 548 1838 maledicto
563 1771 810 1850 erubescendus,
830 1772 922 1838 cuius
943 1773 1071 1838 carebat
1087 1774 1222 1838 ueritate
1240 1792 1352 1838 carens

199 1896 340 1960 corpore.
353 1878 667 1962 nonpoteratitaque
679 1877 809 1945 dixisse:
825 1879 893 1960 qui
908 1880 985 1943 mei
1000 1880 1198 1945 confusus
1211 1879 1350 1946 fuerit.

198 1988 307 2052 noster
324 1984 385 2050 hoe
404 1985 515 2050 debuit
532 1985 765 2068 pronuntiasse,
784 1987 1002 2052 minoratus
1022 1990 1174 2068 apatre
1192 1985 1351 2052 modico

151 2111 180 2152 rs
200 2093 303 2158 eitra
334 2093 513 2176 angelos,
545 2092 698 2157 uermis
731 2094 770 2156 st
801 2112 875 2158 non
898 2093 1028 2169 homo,
1050 2093 1265 2176 ignominia
1287 2092 1350 2157 ho

200 2199 332 2264 minis
350 2202 387 2264 et
414 2197 702 2265 nullificamen
729 2199 886 2282 populi,
918 2201 1075 2282 quatenus
1102 2199 1148 2264 ita
1175 2199 1291 2277 uoluit,
1313 2202 1353 2264 ut

198 2305 300 2372 liuore
314 2307 384 2372 sius
399 2323 591 2384 sanaremur,
606 2309 644 2370 ut
659 2305 897 2372 dedecorosius
911 2306 1000 2372 salus
1014 2309 1122 2373 nostra
1135 2308 1304 2372 constaret.
1320 2309 1353 2370 et

199 2412 312 2476 merito
332 2431 367 2476 se
384 2431 440 2495 pro
461 2429 518 2475 suo
538 2410 665 2476 homine
680 2411 842 2494 deposuit,
854 2430 911 2494 pro
929 2411 1071 2497 imagine
1089 2415 1121 2478 ct
1140 2411 1351 2478 similitudine

199 2537 268 2598 sua,
282 2538 343 2584 uon
359 2519 471 2597 alisna,
486 2514 586 2604 [tuno]
597 2523 644 2596 ut,
660 2519 808 2602 quoniam
823 2519 918 2585 homo
928 2519 1023 2602 (nou)
1033 2520 1202 2585 erubuerat
1211 2518 1350 2603 lapidem

152 2644 182 2686 sc
202 2629 234 2690 et
250 2625 375 2709 lignum
394 2625 537 2702 adorans,
562 2625 672 2692 cadom
695 2625 876 2692 constantia
897 2643 959 2690 non
983 2625 1135 2691 confusus
1160 2625 1198 2690 de
1223 2624 1351 2691 Christo

198 2749 256 2813 pro
278 2730 477 2815 impudentia
498 2730 665 2796 idolatriae
694 2731 772 2795 satis
803 2729 862 2796 deo
890 2731 1009 2796 faceret
1035 2751 1093 2814 per
1119 2731 1352 2815 impudentiam

199 2837 283 2902 fidei.
308 2838 385 2922 quid
407 2838 522 2902 horum
541 2835 666 2904 Christo
690 2839 748 2901 tuo
773 2837 936 2920 competit,
956 2837 1110 2917 Marcion,
1136 2837 1176 2902 ad
1198 2837 1350 2903 meritum

200 2944 418 3012 confusionis?
441 2944 535 3026 plane
557 2941 677 3024 pudere
699 2945 732 3006 ts
756 2940 861 3020 debet,
892 2942 978 3024 quod
1005 2942 1099 3008 illum
1124 2943 1195 3028 ipse
1222 2943 1350 3009 finxisti.

245 3053 296 3116 22.
319 3051 387 3115 Iam
411 3052 444 3113 et
466 3049 527 3114 hoc
545 3048 599 3113 uol
618 3047 752 3112 maxime
772 3047 958 3112 erubescere
982 3047 1133 3127 debuisti,
1154 3049 1239 3131 quod
1258 3051 1352 3114 illum

153 3179 183 3222 aa
202 3177 276 3223 cum
293 3157 405 3240 Moyse
424 3159 457 3220 et
473 3155 568 3220 Helia
586 3155 619 3218 in
634 3172 764 3219 secessu
782 3154 902 3218 montis
922 3155 1065 3237 conspici
1083 3155 1202 3238 pateris
1217 3175 1352 3237 quorum

200 3265 380 3330 destruetor
403 3263 584 3334 aduenerat.
608 3262 668 3327 hoc
693 3261 819 3326 scilieet
841 3262 988 3346 intellegi
1012 3261 1119 3327 uoluit
1141 3281 1202 3328 uox
1229 3263 1288 3328 illa
1315 3262 1353 3326 de

202 3372 303 3436 caclo:
334 3369 398 3436 hio
426 3371 491 3436 est
513 3369 631 3434 filius
655 3387 764 3434 meus
793 3369 988 3447 dilectus,
1014 3369 1118 3434 hunc
1142 3369 1296 3445 audite,
1321 3371 1354 3435 id

201 3481 335 3545 estnon
358 3477 494 3560 Moysen
518 3476 579 3540 iam
601 3479 633 3540 et
649 3475 786 3540 Heliam.
810 3494 885 3560 ergo
909 3475 1090 3542 sufficiebat
1112 3495 1173 3541 uox
1197 3477 1267 3542 sola
1285 3478 1352 3542 sine

202 3585 414 3650 ostentatione
431 3581 558 3666 Moysei
581 3585 613 3647 et
631 3583 752 3648 Heliae.
774 3581 950 3648 definiendo
970 3583 1065 3661 euim,
1084 3603 1178 3666 quem
1197 3583 1351 3661 audirent,

275 3742 515 3812 11]ct.Gs1.3,13.
554 3740 747 3811 rarescens.
785 3741 944 3811 reputas
983 3741 1160 3812 rsprssrr.
1198 3739 1284 3810 uper.
1306 3742 1351 3796 ss.

203 3833 277 3900 sas.
302 3830 461 3902 rapaton.
470 3831 545 3898 1,2s.
567 3829 801 3901 spernaces.
822 3830 1130 3900 aspernantes-as.
1154 3829 1350 3902 suanacas.

240 3958 253 4009 1
266 3972 296 4010 ex
306 3955 416 4022 semiue,
426 3957 517 4008 tamen
527 3953 640 4021 scripsi:
650 3954 761 4016 semino,
770 3957 862 4007 tamen
873 3969 904 4007 ex
913 3954 976 4009 MR
1016 3955 1148 4022 sanguine
1159 3958 1187 4007 et
1195 3954 1295 4021 empse·
1305 3955 1351 4021 (ef.

203 4045 238 4100 de
250 4060 335 4100 carew
346 4044 449 4098 Cluiats‘
460 4047 491 4097 4:
504 4043 626 4097 humoris
641 4046 669 4098 et
677 4044 820 4112 sauguinis
828 4043 910 4096 foeda
919 4043 1059 4113 coagulum
1069 4044 1170 4096 semine
1182 4046 1210 4095 et
1218 4043 1301 4106 affl,
1311 4047 1352 4095 le·

203 4133 635 4203 minscR³outpo(prodotBupl
682 4131 930 4187 'o’delibratusLot
973 4128 1264 4203 sexempasetoas
1321 4148 1352 4184 ao

202 4221 348 4292 MF,atR
393 4221 609 4278 8molcstiusM
651 4219 950 4288 eundemtsrdusrr
996 4218 1352 4275 nomentanum

204 4311 391 4382 illiquoreM
413 4309 629 4366 19tunosect1i³
665 4308 981 4379 nonadd.1t³‚om.MR¹
1003 4308 1351 4378 ariamscrrpsisnsmrffl
