3250 4959
395 394 427 448 V.
446 392 614 447 Aduersus
633 392 751 448 Omnes
770 392 935 447 Haereses
955 393 1033 448 6-8.
1230 397 1296 459 225

187 594 221 655 8.
245 591 305 654 Est
327 593 488 672 praeterea
516 589 567 653 his
595 588 743 653 omnibus
771 588 875 675 etiam⁴
891 589 1019 654 Blastos
1049 587 1212 666 accedens,
1242 588 1298 669 qui

138 700 280 761 latenter
306 696 505 762 Iudaismum
533 696 606 761 uult
632 696 842 761 introducere.
870 696 989 779 pascha
1016 696 1101 761 enim
1129 696 1207 761 dicit
1235 716 1295 760 non

141 804 238 867 aliter
264 801 510 868 custodiendum
538 822 619 879 esse,
648 803 710 867 nisi
739 802 914 867 secundum
944 804 1049 888 legem
1076 802 1182 885 Moysi
1209 807 1297 866 ΧΙΗΙ

140 910 264 975 mensis
288 938 319 983 a.
339 910 411 993 quis
434 914 540 975 autem
564 910 695 990 nesciat,
718 910 866 991 quoniam
891 909 1077 994 euangelica
1100 911 1202 992 gratia
1226 928 1297 974 eua-

111 1020 270 1092 scuatur,
294 1017 321 1081 si
345 1016 385 1080 ad
407 1017 511 1101 legem
530 1016 692 1081 Christum
720 1016 860 1101 redigis?
887 1016 1009 1081 accedit
1032 1017 1081 1081 his
1101 1016 1296 1093 Theodotus,

141 1123 325 1187 haereticus
352 1122 536 1207 Byzantius,
565 1123 620 1205 qui
647 1127 857 1208 posteaquam
883 1123 1054 1203 Christum,
1084 1142 1140 1205 pro
1169 1124 1295 1187 nomine

141 1229 372 1312 adprehensus,
398 1230 538 1315 negauit,
566 1230 599 1293 in
628 1228 792 1295 Christum
820 1230 1040 1312 blasphemare
1069 1247 1130 1293 non
1161 1229 1297 1293 destitit.

141 1336 319 1399 doctrinam
335 1336 418 1400 enim
432 1335 618 1412 introduxit,
635 1355 698 1419 qua
712 1335 875 1402 Christum
895 1336 1054 1401 hominem
1075 1334 1296 1400 tantummodo

141 1441 274 1516 diceret,
299 1441 394 1507 deum
418 1448 525 1507 autem
553 1443 647 1506 illum
670 1447 810 1527 negaret,
837 1461 872 1506 er
896 1442 1010 1525 spiritu
1035 1441 1161 1524 quidem
1188 1446 1295 1505 sancto

96 1574 123 1611 ιο
141 1549 349 1631 (conceptum
361 1549 408 1631 et>
422 1552 532 1613 natum
549 1568 585 1613 er
603 1548 738 1633 uirgine,
758 1548 815 1613 sed
830 1548 991 1613 hominem
1006 1548 1185 1613 solitarium
1200 1550 1296 1630 atque

140 1654 277 1729 nudum,
288 1656 376 1719 nullo
389 1656 451 1721 alio
464 1674 537 1739 prae
553 1655 667 1719 ceteris
682 1655 743 1719 nisi
759 1656 828 1721 sola
842 1654 984 1719 iustitiae
1001 1656 1200 1720 auctoritate.
1216 1656 1295 1719 alter

141 1766 218 1845 post
247 1762 332 1826 hunc
363 1761 546 1827 Theodotus
580 1762 758 1828 haereticus
793 1762 907 1845 erupit,
942 1762 995 1845 qui
1035 1765 1067 1826 et
1098 1762 1166 1844 ipse
1200 1761 1295 1827 intro·

142 1869 236 1933 durit
259 1870 389 1932 alteram
411 1872 547 1933 sectam:
568 1872 601 1932 et
619 1868 688 1952 ipse
708 1869 871 1934 hominem
891 1867 1054 1933 Christum
1074 1869 1294 1933 tantummodo

142 1976 223 2039 dicit
260 1994 298 2040 er
334 1975 449 2057 spiritu
492 1980 602 2040 sancto
642 1976 706 2059 (et)
745 1996 780 2040 er
819 1976 943 2061 uirgine
974 1976 1076 2041 Maria
1108 1982 1297 2059 conceptum

95 2105 124 2144 rs
142 2082 263 2164 pariter
282 2086 313 2146 et
330 2086 451 2159 natum,
470 2082 528 2147 sed
546 2082 630 2145 hunc
649 2082 830 2146 inferiorern
849 2101 920 2146 esse
939 2102 1034 2165 quarn
1049 2082 1296 2157 Melchisedech,

142 2207 181 2251 eo
206 2188 294 2269 quod
317 2188 438 2253 dictum
462 2188 505 2254 sit
529 2189 567 2253 de
592 2188 733 2255 Christo:
758 2192 802 2253 tu
828 2208 868 2253 es
894 2189 1083 2254 sacerdos
1108 2189 1147 2253 in
1172 2196 1298 2253 aeter·

142 2314 235 2359 num
274 2295 494 2359 secundum
533 2295 712 2360 ordinem
745 2295 1064 2360 Melchisedech.
1102 2316 1173 2359 nam
1204 2296 1296 2359 illurn

141 2400 381 2466 Melchisedech
405 2402 575 2485 praecipua
599 2422 635 2467 er
658 2402 761 2489 gratia
788 2402 959 2467 caelestem
985 2422 1055 2467 esse
1079 2402 1242 2481 uirtutem,
1267 2406 1298 2466 et

142 2509 232 2590 quod
260 2515 336 2593 agat
364 2508 511 2575 Christus
539 2530 596 2594 pro
624 2510 819 2588 hominihus,
849 2509 1033 2594 deprecator
1061 2513 1093 2573 et
1121 2510 1296 2573 aduocatos

91 2634 122 2673 :o
141 2615 289 2697 ipsorum
316 2616 432 2694 factus,
460 2616 698 2681 Melchisedech
726 2617 831 2681 facere
864 2634 919 2699 pro
953 2616 1146 2680 caelestibus
1175 2617 1297 2699 angelis

140 2728 241 2803 atque
264 2722 448 2788 uirtutibus.
482 2743 555 2787 nam
584 2741 654 2786 esse
682 2723 776 2788 illum
799 2742 901 2804 usque
931 2722 1008 2786 adeo
1034 2720 1159 2787 Christo
1189 2722 1298 2785 melio-

139 2848 221 2903 rem,
246 2832 283 2892 ut
306 2832 415 2909 apator
438 2830 491 2906 sit,
515 2833 636 2894 ametor
659 2830 712 2907 sit,
733 2829 982 2914 agenealogetus
1003 2828 1056 2907 sit,
1077 2828 1168 2893 cuius
1193 2848 1295 2910 neque

138 2934 271 2999 initium
295 2953 396 3015 neque
420 2934 492 2999 finis
517 2936 762 3019 comprehensus
787 2936 830 3000 sit
858 2938 914 3000 aut
937 2933 1159 3018 comprehendi
1183 2935 1296 3017 possit.

236 3091 281 3159 16]
300 3090 345 3144 Ps.
367 3093 427 3158 109,
445 3094 471 3146 4.
490 3092 573 3146 Hebr.
593 3096 618 3156 5,
638 3096 663 3148 6.

180 3212 413 3281 lblastcsPNF,
423 3214 534 3268 Blastus
548 3214 576 3269 B
585 3216 670 3285 culpo
719 3217 736 3269 4
751 3216 883 3269 lacunam
897 3216 1022 3284 ceperam
1037 3214 1123 3268 Nisen
1137 3214 1183 3267 uel
1198 3213 1298 3284 Aprilis

138 3300 321 3355 desideratur
390 3303 518 3371 quoniam
531 3304 595 3371 PM,
611 3304 744 3374 quomodo
759 3305 789 3358 F
841 3306 857 3357 5
872 3304 974 3374 redigis
988 3305 1101 3373 scripsi:
1119 3304 1221 3375 redigit
1233 3306 1297 3369 ΡΝ,

138 3390 268 3443 redditur
290 3388 320 3442 F
406 3391 558 3445 theodocus
580 3392 611 3446 F
679 3394 863 3462 6postqnam
883 3392 916 3445 N
1004 3392 1142 3447 Christum
1166 3410 1214 3463 pro
1234 3392 1298 3449 FB.

139 3479 240 3533 christi
263 3495 311 3548 pro
335 3478 362 3529 P
383 3482 463 3546 (corr.
487 3479 515 3534 R
536 3496 587 3535 aec.
611 3480 860 3549 Hirsaups‘maem).
884 3498 931 3549 pru
957 3480 1061 3535 Christi
1084 3480 1116 3533 N
1196 3480 1299 3534 Christi

138 3567 304 3637 pronomine
321 3570 367 3634 (=
385 3568 551 3637 manamine,
571 3570 606 3637 cf.
626 3570 703 3636 apud
720 3569 794 3623 Ircn.
814 3570 988 3637 interpretem
1008 3570 1128 3624 latinum
1148 3569 1185 3623 11
1204 3572 1249 3635 35,
1270 3574 1298 3633 3)

140 3656 208 3725 Eup
264 3658 280 3709 7
303 3656 487 3725 adprehensus
510 3658 624 3726 negauit
642 3658 678 3725 F,
702 3657 887 3728 adprehensus
907 3663 949 3711 est
967 3660 994 3711 P
1012 3665 1092 3723 (corr.
1112 3658 1140 3714 R
1158 3674 1208 3712 sec.
1228 3657 1298 3710 Hir·

138 3730 325 3813 :aspicerent
353 3744 379 3799 G
401 3746 511 3813 (prohat
528 3746 612 3815 Eup),
637 3752 732 3814 captus
756 3755 799 3800 est
817 3747 850 3800 N
908 3748 942 3803 10
965 3751 1124 3817 conceptum
1149 3752 1178 3800 et
1201 3746 1299 3800 addidi

139 3834 192 3903 (cs.
217 3834 235 3888 l.
259 3838 309 3900 14)
373 3835 404 3887 11
430 3834 505 3887 nullo
529 3835 582 3887 alio
601 3834 693 3897 PNF,
718 3836 795 3889 nulla
820 3836 875 3889 alia
897 3837 969 3889 Pam
1046 3838 1302 3905 prae<uertentenr>

140 3923 244 3976 ceteris
256 3922 327 3989 sort.
346 3925 392 3992 (cf.
412 3926 483 3990 205,
497 3928 543 3989 15)
600 3924 632 3979 13
652 3929 766 3979 sectam:
788 3930 817 3978 et
834 3926 892 3994 ipse
911 3926 1023 3993 scripsi:
1042 3930 1144 3979 sectam
1164 3931 1192 3978 et
1210 3926 1298 3994 ipsum

139 4010 231 4064 PNF
275 4010 309 4065 14
328 4016 357 4064 et
371 4010 471 4065 addidi
517 4014 549 4066 17
568 4030 632 4066 narn
649 4013 726 4067 illum
745 4013 946 4068 Melchisedech
967 4014 1063 4069 om.F
1107 4014 1140 4066 18
1155 4014 1300 4083 praecipua

141 4116 176 4153 er
194 4100 287 4169 gratia
303 4101 402 4168 ccupat
407 4120 417 4154 :
429 4100 557 4170 precipua
572 4107 600 4154 et
613 4102 704 4170 gratia
718 4103 751 4170 F,
772 4104 917 4172 praecipua
932 4108 960 4155 et
979 4104 1086 4171 graecia
1100 4103 1134 4170 P,
1155 4103 1300 4171 praecipua

141 4189 237 4257 gracia
254 4187 290 4241 N
366 4194 395 4242 et
413 4188 485 4257 quod
503 4189 615 4258 scripsi:
635 4208 667 4244 eo
687 4192 759 4261 quod
777 4191 863 4245 PNF
924 4194 958 4245 20
978 4192 1076 4254 lactns;
1099 4190 1299 4245 Melchisedech

140 4278 229 4348 augo
284 4278 318 4329 22
339 4278 547 4347 agenealogitns
566 4279 653 4332 PNF

170 4402 307 4443 xrxxrrr.
321 4403 384 4444 rere.
397 4401 441 4441 111.
1229 4388 1262 4439 15>
