3250 4959
326 437 393 502 554
558 433 675 500 Quinti
695 433 838 504 Septimi
857 434 1030 488 Florentia
1049 433 1255 488 Tertulliani

327 629 485 694 uolutant.
523 631 555 693 et
591 627 643 693 hic
680 627 779 712 igitur
815 628 884 710 ipse
922 627 1055 712 cogitari
1091 631 1191 705 uetat,
1229 625 1306 708 quid
1345 645 1470 710 reapon-

328 733 394 798 den'
422 736 568 816 oporteat
595 733 678 816 apud
706 733 888 811 tribunalia,
918 733 973 815 qui
1000 737 1033 799 et
1055 733 1171 798 Balaae
1194 733 1281 816 quod
1302 752 1364 798 nou
1389 731 1469 815 cogi·

328 843 461 916 lauerat,
480 840 588 905 *immo
618 843 725 904 contra
754 859 849 922 quam
886 840 1084 924 cogitauerat
1113 840 1280 924 suggessit
1309 842 1345 904 et
1370 839 1470 922 Moysi

329 951 458 1011 causato
481 945 609 1030 linguae
627 946 811 1011 tarditatem
832 965 867 1010 os
886 946 1078 1029 repromisit
1103 950 1136 1010 et
1153 946 1342 1029 sapientiam
1361 945 1471 1029 ipsam,

329 1053 379 1116 cui
404 1071 495 1118 nemo
518 1052 658 1128 resistet,
683 1071 739 1136 per
756 1051 883 1117 Esaiam
909 1053 1153 1118 demonstrauit:
1177 1052 1239 1116 hic
1262 1051 1381 1116 dicet:
1405 1070 1469 1135 ego
1496 1072 1509 1109 s

329 1157 386 1223 dei
412 1177 502 1235 sum,
528 1162 565 1224 et
595 1159 687 1242 (hic)
716 1159 912 1224 clamabit:
936 1159 972 1222 in
996 1161 1143 1223 nomine
1165 1157 1290 1234 laceo,
1314 1160 1353 1222 et
1375 1159 1471 1222 alius

328 1266 565 1332 inscribetur
587 1266 622 1330 in
646 1265 794 1330 nomine
817 1266 1015 1330 israhelis.
1038 1265 1218 1348 quidecim
1243 1264 1421 1346 sapientius
1443 1267 1473 1327 et

329 1371 633 1438 incontradicibilius
666 1371 863 1438 confessione
896 1372 1035 1455 simplici
1067 1374 1100 1436 et
1131 1374 1236 1436 exerta
1266 1371 1300 1436 in
1328 1371 1473 1454 martyria

328 1479 466 1554 nomina,
478 1484 560 1542 ‘cnm
576 1477 634 1544 deo
648 1478 899 1556 incalescentis>
912 1478 998 1561 quod
1012 1481 1062 1543 est
1075 1479 1292 1560 interpretatio
1303 1477 1474 1544 Israhelisl

327 1604 389 1650 nec
408 1586 535 1663 mirum,
555 1585 583 1649 si
601 1584 629 1649 is
649 1585 792 1650 cohibuit
810 1584 1123 1669 praecogitationem,
1138 1584 1194 1667 qui
1212 1589 1245 1649 et
1261 1584 1331 1668 ipse
1351 1603 1370 1648 a
1387 1589 1475 1667 patre
1490 1603 1514 1644 u

327 1691 452 1774 excepit
468 1691 692 1775 pronuntiandi
710 1692 904 1774 tempestiue
923 1691 1279 1757 sumministrationem:
1302 1691 1475 1758 dominns

329 1798 421 1861 mihi
446 1796 509 1861 dat
531 1797 701 1881 linguam
725 1797 963 1882 disciplinae,
988 1818 1036 1863 e*
1060 1799 1205 1881 quando
1225 1797 1380 1863 debeam
1400 1816 1475 1882 pro

329 1904 427 1968 ferre
448 1923 667 1982 sermonem,
692 1904 754 1968 nisi
772 1904 912 1969 Marcion
932 1903 1095 1970 Christum
1114 1924 1174 1969 non
1194 1905 1376 1970 subiectum
1395 1905 1476 1987 patri

327 2009 432 2074 infert.
466 2031 484 2074 a
511 2011 659 2093 proximis
687 2028 815 2094 quoque
842 2011 1079 2093 persecutiones
1106 2013 1310 2087 ethemima,
1343 2011 1475 2076 exodio

330 2117 452 2200 utique,
476 2117 707 2199 blasphemiam
731 2117 944 2200 praedicatam
967 2137 1028 2183 non
1052 2117 1150 2183 debeo
1172 2137 1282 2183 rursus
1302 2118 1477 2183 ostendere.
1491 2135 1514 2176 u

331 2222 387 2287 sed
401 2221 465 2305 pe'r
483 2224 736 2302 tolerantiam,
750 2224 866 2307 inquit,
885 2225 1014 2290 saluos
1033 2223 1185 2290 facietis
1203 2225 1475 2306 nosmetipsos.

333 2328 370 2394 de
395 2347 457 2412 qua
480 2329 605 2394 scilicet
627 2330 783 2413 psalmus:
813 2330 1231 2396 tolerantia-iustorum
1255 2349 1325 2395 non
1352 2331 1476 2413 periet

330 2436 365 2499 in
389 2434 515 2514 finem,
539 2436 615 2519 quia
638 2441 670 2501 et
698 2436 787 2501 alibi:
817 2437 1054 2504 honorabilis
1082 2457 1182 2503 mors
1210 2438 1413 2514 iustorum,
1440 2457 1475 2502 ex

330 2541 499 2606 tolerantia
522 2542 589 2607 sine
609 2542 717 2621 dubio,
742 2543 818 2625 quia
837 2546 870 2608 et
888 2543 1071 2609 Zacharias:
1095 2563 1231 2610 corona
1252 2547 1380 2609 autem
1404 2544 1475 2608 erit

331 2649 397 2726 eis,
422 2649 485 2731 qui
508 2648 767 2715 tolerauerint.
792 2651 848 2715 sed
871 2668 911 2714 ne
935 2651 1052 2716 audeas
1075 2651 1288 2736 argumentari
1311 2652 1474 2734 apostolos
1490 2670 1515 2710 n

330 2757 368 2819 ut
381 2755 511 2820 alterius
526 2755 576 2820 dei
595 2773 764 2838 praecones
784 2774 803 2819 a
820 2757 948 2821 Iudaeis
967 2761 1110 2836 aeratos,
1129 2761 1287 2823 memento
1306 2758 1475 2842 prophetas

331 2880 466 2944 quoque,
491 2863 600 2928 eadem
628 2863 797 2928 aludaeis
821 2883 945 2948 passos,
969 2869 1075 2930 tamen
1100 2884 1160 2929 non
1181 2865 1313 2930 alterius
1332 2863 1386 2930 dei
1404 2883 1476 2948 apo

420 3121 447 3192 l]
462 3121 494 3175 cl.
504 3121 569 3176 Luc.
580 3123 624 3184 21,
636 3123 676 3178 14.
715 3123 743 3192 2]
760 3121 793 3176 cf.
808 3121 889 3177 Nnm.
904 3140 962 3194 cap.
975 3123 1091 3180 22-24.
1127 3125 1156 3194 4]
1172 3123 1206 3180 cf.
1221 3121 1306 3178 Erod.
1319 3127 1344 3186 4.
1361 3125 1476 3181 10-12.

330 3209 362 3264 ci.
382 3209 446 3266 Luc.
465 3212 509 3279 21,
529 3212 571 3266 15.
640 3212 667 3280 5]
688 3211 796 3273 uara,
816 3213 840 3266 5.
896 3213 924 3282 9]
943 3212 977 3267 cl.
997 3212 1064 3268 Gen.
1083 3212 1128 3280 32,
1146 3213 1191 3268 28.
1252 3215 1299 3283 ll]
1318 3213 1366 3268 Ea.
1386 3215 1432 3282 50,
1451 3217 1476 3268 4.

330 3299 711 3368 14]cr.Luc.21,16-17.
769 3300 811 3370 16]
831 3300 896 3355 Luc.
915 3303 960 3364 21,
979 3303 1022 3356 19.
1086 3301 1305 3372 1a]1²a.a,1a.
1366 3302 1476 3373 1811³a

330 3389 390 3454 115,
409 3389 434 3442 6.
490 3387 534 3457 19]
554 3387 632 3445 Zach.
652 3390 677 3455 6,
699 3390 740 3442 14.

366 3530 379 3583 l
400 3529 528 3584 uolutant
545 3529 624 3598 Eap:
643 3529 804 3584 uolntabant
822 3529 885 3587 MR
974 3535 1004 3586 et
1021 3531 1066 3586 hic
1084 3533 1170 3602 igitur
1186 3532 1246 3587 scil.
1262 3533 1333 3602 oraio
1350 3533 1384 3586 ἐκ
1401 3539 1477 3587 carle

329 3619 485 3674 comtibus
500 3618 532 3672 dc
545 3619 688 3687 patientia
703 3637 722 3673 a
734 3621 822 3674 aerata
841 3619 947 3674 domini
960 3619 1135 3689 praemanda
1146 3627 1208 3675 erat
1219 3637 1306 3676 mmo
1359 3622 1477 3691 cogitari

329 3707 464 3772 uetntM,
483 3711 561 3761 uetat
581 3708 696 3776 cogitari
714 3707 741 3762 R
786 3708 917 3763 thaleae
936 3710 978 3778 M,
996 3709 1079 3764 Balae
1097 3709 1133 3773 Β,
1152 3709 1266 3764 Balaam
1283 3711 1358 3764 Para
1399 3713 1476 3764 bre·

330 3799 410 3850 sistet
428 3795 471 3866 M,
491 3796 631 3849 resisteret
649 3794 677 3851 R
750 3796 823 3850 dicet
841 3797 889 3861 12³,
908 3797 1000 3851 dicent
1018 3797 1092 3854 Mla
1144 3799 1225 3854 lihic
1243 3799 1344 3853 addidi
1398 3800 1476 3852 'lin-

329 3885 430 3940 scribet
442 3899 516 3953 auap.
531 3883 596 3954 Eup
609 3885 667 3952 (aed
679 3889 781 3955 martyr
798 3886 978 3940 ‘incalescens
992 3903 1052 3940 cum
1067 3885 1186 3940 domino'
1200 3889 1243 3957 [ε
1257 3888 1362 3958 Israel}
1376 3889 1477 3942 laam·

330 3975 404 4029 bitur
421 3975 531 4028 nomiae
550 3973 706 4042 ‘israhelis'l
753 3973 769 4027 8
788 3975 1058 4030 incontradocibilina
1076 3975 1111 4029 Μ
1165 3975 1193 4028 ἰιι
1211 3977 1336 4046 martyria
1353 3979 1476 4030 nomine:

329 4069 458 4116 mererento
475 4077 573 4116 nomen
592 4061 721 4133 μάρτυρος
739 4079 835 4132 capere
853 4063 1031 4118 confessorem
1045 4063 1130 4133 (Erae)
1186 4065 1220 4120 10
1239 4081 1256 4118 a
1272 4067 1351 4135 patre
1368 4065 1429 4136 ipae
1443 4065 1480 4119 Μ

331 4153 363 4206 12
382 4152 514 4206 lamecum
532 4152 657 4220 Quadi:
675 4157 705 4204 ut
723 4153 806 4206 roiam
825 4152 966 4206 intercidit
987 4155 1032 4219 (cf.
1050 4156 1117 4222 563,
1131 4153 1177 4222 21)
1193 4153 1240 4208 uel
1257 4153 1293 4208 ad
1311 4170 1477 4222 eognoscen-

330 4239 392 4292 dum
416 4241 461 4306 (cs.
486 4243 555 4309 268,
578 4243 624 4308 15)
699 4243 730 4294 15
755 4258 845 4296 rursus
868 4240 916 4308 lc,
940 4259 1003 4296 nsua
1025 4241 1100 4297 MR¹
1178 4244 1211 4297 16
1233 4242 1420 4299 tollerantiam
1442 4243 1481 4297 M

331 4329 361 4381 17
382 4327 616 4393 tolerantiam,
636 4329 791 4392 tolerantia,
811 4331 902 4399 inquit
919 4331 1039 4400 Ruulpc
1113 4331 1214 4400 peribit
1232 4331 1287 4402 Rip
