3250 4959
314 402 379 465 356
544 398 661 463 Quinti
680 399 824 469 Septimi
843 400 1014 453 Florentio
1032 399 1223 453 Tertullien

361 596 410 661 16.
435 596 522 659 Bona
544 596 643 681 igitur
666 600 699 660 et
722 597 876 659 seueritas
901 597 976 679 qnia
997 597 1093 671 iusta,
1122 597 1150 660 si
1172 596 1276 660 bonus
1298 595 1404 671 iudex,
1426 595 1459 658 id

314 706 365 765 est
396 702 511 767 iustus.
549 703 628 767 item
661 707 764 767 cetera
791 703 884 780 bona,
916 722 973 786 per
998 722 1078 785 quae
1105 722 1186 786 opus
1214 703 1333 773 bonurn
1362 703 1460 765 currit

312 808 412 872 bonae
432 809 623 883 seueritatis,
649 810 717 872 siue
736 810 783 873 ira
801 809 871 873 siue
891 809 1063 874 aemulatio
1087 810 1157 873 siue
1181 810 1328 873 saeuitia.
1353 809 1460 873 debita

313 915 396 978 euim
415 916 519 978 omnia
542 915 620 980 haec
643 920 719 980 sunt
742 917 934 992 seueritatis,
958 917 1044 981 sicut
1066 917 1221 981 seueritas
1244 916 1388 979 debitum
1412 920 1461 979 est

312 1022 466 1085 institiae.
494 1024 589 1103 alque
608 1022 654 1084 ita
676 1042 737 1086 non
760 1025 910 1105 poterunt
931 1023 1030 1087 iudici
1054 1022 1232 1105 exprobrari
1257 1042 1338 1104 quae
1362 1004 1461 1086 iudici
1490 1045 1502 1083 s

313 1129 472 1204 accidunt,
502 1130 640 1193 carentia
668 1134 699 1194 et
726 1131 796 1212 ipsa
825 1133 920 1212 culpa
947 1132 1033 1195 sicut
1059 1136 1093 1195 et
1113 1130 1218 1194 iudex.
1255 1130 1334 1212 quid
1364 1129 1460 1203 enim,

314 1238 341 1299 si
369 1235 527 1300 medicum
558 1236 686 1319 quidem
716 1236 802 1301 dicas
832 1256 903 1301 esse
927 1237 1050 1315 debere,
1078 1237 1267 1301 ferramenta
1289 1255 1366 1301 nero
1391 1237 1459 1299 eius

313 1362 446 1407 accuses
475 1343 558 1425 quod
587 1346 696 1407 secent
723 1346 755 1407 et
781 1344 909 1407 inurant
936 1348 968 1408 et
991 1350 1155 1427 amputent
1182 1349 1215 1409 et
1241 1344 1459 1407 constrictent.

315 1450 438 1533 quando
463 1451 529 1513 siue
552 1450 763 1515 instrumento
787 1451 865 1515 artis
888 1451 1032 1515 medicus
1056 1470 1212 1517 essenon
1239 1450 1366 1534 possit?
1403 1449 1459 1513 sed

313 1576 430 1621 accusa
459 1557 542 1621 male
572 1560 743 1635 secantem,
775 1558 954 1640 importune
982 1562 1211 1641 amputantem,
1240 1564 1361 1622 temere
1393 1558 1500 1620 inu-ro

313 1666 444 1734 rente'm,
472 1668 567 1745 atque
595 1664 640 1727 ita
663 1665 852 1728 ferramenta
876 1684 1002 1747 quoque
1025 1666 1095 1729 eius
1118 1668 1155 1728 nt
1177 1665 1261 1729 mala
1284 1664 1461 1727 ministeria

313 1769 513 1851 reprehende.
550 1770 681 1851 proinde
714 1778 764 1835 est
797 1771 891 1844 enim,
925 1790 996 1835 curn
1032 1771 1126 1836 deum
1159 1772 1287 1855 quidem
1320 1770 1458 1835 iudicem

314 1876 468 1951 admittis,
490 1896 543 1941 eos
564 1896 639 1943 uero
658 1881 766 1941 motus
787 1880 819 1941 et
839 1898 963 1955 sensus,
988 1897 1043 1960 per
1061 1897 1141 1960 quos
1160 1877 1290 1942 iudicat.
1310 1876 1459 1939 destruis.

313 1983 408 2047 deum
427 2002 485 2047 nos
505 2002 523 2047 a
541 1984 705 2067 prophetis
730 1990 762 2048 et
786 2005 804 2048 a
829 1984 966 2063 Christo,
989 2005 1050 2050 non
1075 2005 1093 2049 a
1115 1984 1316 2068 philosophis
1341 2002 1400 2047 neo
1421 1982 1458 2047 ab

313 2090 449 2171 Epicuro
475 2090 646 2153 erudimur.
680 2091 735 2174 qni
759 2091 919 2155 credimus
944 2091 1037 2156 deum
1062 2092 1159 2155 etiam
1181 2091 1213 2154 in
1237 2090 1331 2154 terris
1355 2090 1497 2174 egisses

314 2198 346 2259 et
369 2195 498 2258 humaui
527 2194 655 2259 habitus
684 2196 898 2260 humilitatem
923 2197 1103 2277 suscepisse
1126 2216 1162 2260 ex
1185 2214 1282 2261 causa
1304 2194 1460 2258 humanae

314 2302 439 2379 solutio,
472 2303 565 2385 louge
599 2322 710 2367 sumus
744 2324 761 2367 a
793 2304 951 2368 sententie
983 2322 1102 2381 eorum,
1134 2304 1189 2386 qui
1221 2304 1335 2366 nolunt
1366 2302 1458 2365 deum

314 2427 421 2473 curare
450 2408 631 2490 quicquam.
677 2410 749 2473 inde
779 2410 868 2473 uenit
894 2410 933 2473 ad
961 2411 1136 2475 haereticos
1165 2429 1290 2491 quoque
1318 2408 1458 2472 delinitio

314 2515 485 2579 eiusmodi:
533 2517 560 2579 si
601 2516 678 2580 deus
710 2516 861 2581 irascitur
892 2522 925 2581 et
956 2518 1134 2581 aemulatur·
1166 2520 1198 2580 et
1234 2516 1399 2580 extollitur
1428 2522 1460 2578 et

314 2623 526 2699 exacerbatur,
569 2642 642 2705 ergo
681 2626 712 2687 et
745 2627 973 2705 corrumpetur,
1006 2643 1081 2707 ergo
1114 2628 1147 2687 et
1177 2623 1339 2688 morietur.
1382 2622 1496 2684 bones

314 2732 431 2805 autem,
456 2729 539 2811 quod
565 2730 815 2795 Christianorum
840 2735 890 2793 est
913 2731 1007 2795 etiam
1032 2734 1193 2795 mortuum
1216 2729 1312 2793 deum
1335 2728 1458 2792 credere

313 2840 345 2898 et
377 2839 482 2900 tamen
516 2837 680 2901 uiuentem
712 2838 743 2900 in
778 2856 857 2902 aeua
889 2857 1050 2901 aouorum.
1098 2836 1294 2908 stultissimi,
1333 2835 1390 2917 qni
1414 2834 1457 2897 de

313 2942 461 3006 humanis
473 2943 579 3007 diuina
594 2943 820 3026 praeiudicant,
836 2948 882 3019 ut,
898 2945 1044 3026 quoniam
1058 2945 1091 3009 in
1106 2944 1233 3008 homine
1247 2940 1458 3022 corruptoriae

313 3048 507 3113 condicionis
536 3050 691 3114 habentur
718 3050 902 3115 huiusmodi
931 3051 1106 3133 passiones,
1134 3050 1253 3114 ideirco
1281 3054 1314 3112 et
1340 3050 1373 3112 in
1401 3048 1456 3111 deo

314 3156 458 3220 eiusdem
482 3159 586 3220 status
612 3157 840 3221 existimentur.
873 3158 1014 3222 discerne
1038 3157 1234 3223 substantias
1257 3159 1291 3219 et
1313 3173 1390 3219 snos
1413 3154 1456 3217 eis
1471 3168 1495 3209 ὅ

314 3261 468 3326 distribue
489 3282 612 3340 sensus,
637 3268 703 3327 tam
723 3263 867 3327 diuersos
887 3283 981 3345 quam
1000 3263 1197 3328 substantiae
1221 3262 1361 3345 erigunt,
1383 3261 1457 3324 licet

313 3370 480 3434 uocabulis
496 3371 729 3435 communicare
746 3370 922 3444 uideantur,
934 3409 976 3417 —
992 3391 1064 3435 nam
1079 3372 1111 3434 et
1126 3370 1283 3434 dexteram
1301 3371 1336 3431 et
1349 3368 1456 3433 oculos

314 3480 346 3537 et
364 3476 460 3557 pedes
480 3477 531 3540 dei
550 3476 698 3560 legimus,
723 3496 781 3540 nec
799 3476 871 3541 ideo
891 3482 995 3541 tamen
1017 3477 1162 3541 humanis
1182 3475 1454 3559 comparabuntur.

314 3582 388 3662 quia
412 3582 449 3646 de
469 3583 678 3665 appellatione
698 3584 861 3647 sociantur
878 3622 922 3630 —
942 3589 1058 3667 quanta
1082 3584 1141 3647 erit
1163 3581 1334 3647 diuersitas
1358 3580 1454 3644 diuini

314 3691 453 3772 corporis
479 3693 511 3752 et
533 3690 661 3755 humani
686 3691 744 3755 sub
769 3692 891 3755 eisdem
914 3692 1093 3756 nominibus
1117 3691 1343 3765 membrorum,
1373 3690 1455 3752 tanta
1470 3702 1492 3741 :o

349 3946 537 3999 lseueritatis
556 3948 627 4000 Iun:
646 3949 786 4001 seueritati
805 3947 868 4000 Mle
922 3950 938 4001 5
957 3948 1071 4002 iustitia.
1091 3945 1270 4000 euindieanda
1288 3949 1348 3999 erat
1366 3960 1455 4015 proea-

314 4034 382 4086 citas
398 4035 496 4088 aetatis
512 4036 699 4089 uerecundiam
716 4037 841 4089 debentis
851 4036 913 4089 MR
923 4038 969 4104 (cs.
984 4035 1203 4104 prcueonnotuui-
1212 4036 1277 4097 355,
1289 4038 1318 4100 3)
1363 4034 1454 4087 flacci·

314 4122 382 4175 dunt
395 4123 428 4185 F,
449 4124 580 4177 accedunt
594 4125 656 4178 MR
714 4126 785 4179 sient
804 4129 832 4178 et
846 4125 915 4184 ΜΚ
935 4125 1005 4178 sicut
1019 4124 1046 4177 R
1096 4126 1112 4177 8
1132 4126 1225 4176 secent
1243 4126 1272 4176 et
1289 4124 1398 4177 inurunt
1411 4120 1454 4177 ΗΞ

313 4214 407 4263 secent
424 4216 561 4265 tensuram
581 4214 649 4272 ΜΓ,
674 4218 768 4266 secent
786 4217 924 4266 tonsuram
944 4212 984 4266 12¹
1037 4215 1071 4266 22
1091 4228 1159 4265 aena
1175 4212 1290 4280 scripsi:
1312 4228 1380 4265 aeno
1397 4210 1456 4264 MR

313 4300 347 4351 23
363 4299 522 4369 praedicant
534 4301 584 4354 Gcl
639 4302 764 4369 quoniam
776 4301 856 4365 Mle,
873 4300 1007 4370 quomodo
1019 4302 1055 4355 R¹
1092 4299 1456 4367 2lparenttesa‘rrindo'corrt
