3250 4959
417 390 452 447 Π,
474 392 518 446 De
538 391 654 446 Carnis
672 393 935 448 Resurrectione
953 394 1069 449 45-46.
1273 399 1315 463 93

165 587 342 664 inuicem,
367 587 470 651 sicut
489 592 526 652 et
550 587 641 651 deus
666 589 775 654 uobis
797 589 955 653 donauit
977 589 1195 656 inebriato.
1218 591 1318 676 igitur

168 693 226 776 qui
254 713 377 758 carnem
410 699 550 758 ueterem
583 695 742 759 hominem
776 695 967 772 existimant,
1002 715 1059 761 cur
1089 716 1152 760 non
1183 703 1317 763 mortem

166 801 230 865 sibi
253 805 431 884 properant,
455 805 492 865 nt
515 805 621 865 uetere
649 800 776 866 homine
801 801 945 884 deposito
974 804 1151 886 praeceptis
1179 806 1317 887 apostoli

167 911 354 973 occurrant?
374 927 431 973 nos
452 909 545 984 enirn,
566 909 618 991 qni
638 910 738 973 totam
758 909 850 972 fidem
871 909 902 972 in
924 928 1015 973 carne
1034 909 1316 976 administrandam

133 1015 339 1092 acredimus,
363 1015 461 1080 immo
486 1019 517 1079 et
539 1035 595 1098 per
618 1034 753 1090 carnem,
782 1016 875 1096 cuius
899 1020 950 1080 est
973 1021 1005 1080 ct
1033 1036 1068 1081 os
1094 1018 1133 1081 ad
1159 1018 1316 1099 proferen-

166 1121 244 1186 dum
269 1121 425 1204 optimum
449 1140 606 1203 quemque
629 1141 804 1187 sermonem
829 1126 861 1187 et
890 1123 1000 1206 lingua
1023 1123 1062 1187 ad
1086 1144 1146 1188 uon
1170 1124 1318 1207 blasphe-

164 1229 318 1293 mandum
343 1231 376 1292 et
399 1247 452 1293 cor
475 1229 515 1293 ad
536 1248 598 1293 non
621 1229 850 1314 indignandum
873 1234 906 1294 et
923 1249 1036 1294 manus
1061 1231 1101 1294 ad
1124 1231 1315 1313 operandum

167 1341 201 1401 et
228 1335 437 1419 largiendum,
466 1340 531 1400 tam
560 1339 756 1402 uetustatem
784 1337 923 1401 hominis
952 1358 1046 1420 qnam
1075 1339 1249 1403 nouitatem
1278 1338 1317 1402 ad

167 1443 332 1517 moralem,
360 1461 421 1507 nou
446 1441 484 1505 ad
509 1443 761 1508 substantialem.
791 1443 1001 1507 differentiam
1029 1444 1183 1526 pertinere
1212 1443 1317 1508 defen-

121 1548 285 1612 rodimus.
308 1551 403 1630 atque
426 1548 472 1611 ita
498 1548 615 1630 pariter
638 1549 842 1632 agnoscimus
866 1548 1038 1620 bominem,
1064 1549 1116 1631 qui
1140 1549 1315 1614 secundum

167 1655 337 1738 pristinam
366 1655 637 1720 conuersatiouem
666 1657 761 1720 uetus
790 1656 897 1732 fuerit,
931 1655 1065 1720 eundem
1093 1657 1126 1719 et
1157 1656 1316 1738 corrumpi

166 1762 215 1826 ita
242 1760 362 1826 dictum
397 1762 573 1826 secundum
606 1763 894 1844 concupiscentiam
929 1762 1134 1838 seductionis,
1167 1761 1316 1843 quemad-

168 1868 299 1932 modum
324 1871 357 1932 et
379 1871 520 1932 ueterem
544 1868 718 1933 secundum
746 1870 913 1950 pristinam
943 1870 1227 1945 conuersationem,
1255 1888 1316 1934 non

168 1975 346 2040 secundum
379 1993 503 2039 carnem
537 1995 593 2057 per
625 1975 786 2040 interitum
821 1981 1018 2060 perpetuum.
1052 1980 1192 2041 ceterum
1225 1958 1316 2040 carne

124 2104 149 2144 ra
167 2086 236 2146 tam
260 2083 386 2144 saluum
411 2101 506 2162 quam
531 2081 674 2162 eundem,
703 2086 815 2164 utpote
838 2083 990 2148 uitiosam
1015 2082 1226 2165 disciplinam,
1254 2100 1315 2145 non

170 2188 413 2269 corpulentiam,
437 2192 576 2252 exutum.

217 2295 268 2358 46.
292 2293 402 2358 Talem
425 2295 545 2377 ubique
569 2295 748 2377 apostolum
776 2313 995 2379 recognoscas„
1023 2296 1069 2358 ita
1097 2296 1199 2359 carnis
1224 2313 1318 2376 opera

166 2401 382 2466 damnantem.
411 2405 449 2465 ut
476 2419 600 2465 carnem
631 2401 778 2466 damnare
810 2400 970 2475 uideatur,
1003 2401 1068 2480 sed,
1101 2421 1139 2465 nc
1172 2402 1217 2466 ita
1244 2402 1317 2482 quis

166 2509 338 2582 existimet,
350 2527 385 2571 ex
397 2508 531 2572 aliorum
546 2508 600 2571 nel
614 2508 851 2572 cohaerentium
863 2527 1014 2572 sensuum
1032 2512 1189 2591 suggestu
1204 2525 1316 2590 procu·

120 2637 147 2676 so
166 2619 299 2680 rantsm.
323 2633 395 2678 nam
421 2619 454 2678 et
471 2615 580 2680 dicens
604 2635 668 2690 eos,
694 2615 747 2696 qui
771 2615 802 2679 in
824 2634 914 2680 carne
939 2615 1013 2679 sint.
1033 2615 1091 2679 deo
1111 2615 1235 2697 placere
1253 2632 1314 2677 non

166 2741 262 2806 posse
286 2723 395 2786 statim
416 2722 454 2786 de
473 2741 570 2804 prauo
591 2719 813 2787 intellectu'ad
831 2722 991 2806 integrum
1011 2723 1141 2785 reuocat
1160 2720 1314 2784 adiciens:

167 2847 236 2892 uos
261 2832 479 2892 autemnon
504 2828 600 2892 estis
624 2829 658 2891 in
684 2846 791 2892 carne
822 2827 886 2890 sed
917 2827 953 2890 in
978 2827 1126 2909 spiritu.
1151 2827 1317 2905 cocenim,

168 2953 249 3015 qnos
273 2935 304 2997 iu
329 2952 420 2998 carne
445 2953 514 3000 esse
539 2935 714 3010 constabat,
742 2933 886 3018 negando
915 2933 945 2996 in
972 2951 1063 2996 carue
1092 2953 1162 2998 esse
1185 2934 1216 2997 in
1246 2951 1316 3015 ope·

167 3042 258 3106 ribus
282 3040 384 3104 carnis
408 3059 469 3106 non
495 3061 564 3106 esse
588 3042 795 3117 monstrabat,
821 3046 915 3122 atque
939 3040 985 3104 ita
1007 3040 1081 3104 illos
1105 3041 1233 3104 demum
1257 3039 1316 3104 deo

121 3170 149 3212 aa
167 3149 294 3231 placere
318 3165 377 3211 non
401 3166 506 3228 posse,
528 3167 588 3212 non
614 3148 717 3230 quiin
738 3150 966 3222 carneesseut,
991 3146 1048 3210 sed
1073 3147 1127 3228 qui
1151 3146 1318 3210 carnaliter

168 3255 326 3329 uiuerent,
349 3253 472 3335 placere
497 3257 602 3344 antem
627 3253 685 3317 deo
709 3252 794 3330 illos,
824 3252 878 3334 qui
906 3253 938 3315 in
962 3270 1053 3315 carne
1081 3252 1177 3334 positi
1206 3269 1314 3316 secun-

169 3360 246 3424 dum
276 3358 422 3442 spiritum
450 3359 639 3424 incederent.
668 3363 699 3423 et
726 3379 837 3423 rursus
866 3371 978 3441 corpus
1007 3358 1136 3440 quidem
1165 3357 1210 3421 ait
1235 3375 1317 3421 mor-

169 3472 274 3543 tuum,
299 3466 356 3532 sed
374 3471 502 3549 propter
521 3466 778 3549 delinquentiam,
799 3466 884 3530 sient
902 3466 1050 3547 spiritum
1069 3465 1170 3528 uitam
1189 3467 1317 3547 propter

169 3573 340 3638 iustitiam.
368 3574 468 3637 uitam
502 3576 608 3637 autem
637 3574 731 3638 morti
760 3592 920 3656 opponens
944 3573 975 3636 in
1005 3593 1095 3637 came
1124 3572 1316 3636 constitutae

125 3705 153 3748 an
171 3681 239 3746 sine
268 3679 365 3744 dubio
392 3679 460 3744 illic
488 3683 520 3745 ct
547 3681 647 3744 uitam
675 3680 856 3763 repromisit
879 3699 914 3743 ex
937 3680 1072 3757 iustitia,
1100 3679 1156 3742 ubi
1183 3682 1317 3742 mortem

171 3786 398 3850 determinanit
420 3805 456 3850 er
479 3786 703 3868 delinquentia.
731 3791 871 3850 ceterum
898 3787 1018 3850 frustra
1041 3785 1191 3868 opposuit
1216 3784 1317 3848 uitam

263 3995 309 4064 20]
331 3994 363 4048 cf.
382 3995 459 4049 Rom.
479 3996 504 4062 8,
524 3997 548 4050 8.
604 3997 650 4066 22]
670 3996 745 4049 Rom.
765 3996 790 4058 8,
811 3997 836 4048 9.
892 3995 938 4063 27]
959 3994 992 4049 cf.
1012 3995 1088 4047 Rom.
1109 3995 1134 4056 8,
1156 3994 1197 4047 10.

208 4119 384 4173 desedimus
404 4120 517 4188 scrapsi:
541 4117 703 4172 credidimus
726 4117 819 4172 PMF
886 4115 1094 4187 praeferendum
1115 4115 1147 4170 F
1204 4117 1234 4169 ll
1260 4132 1318 4168 cor·
1395 4146 1401 4160 ι

170 4205 388 4276 sompnium
442 4208 476 4261 20
496 4208 551 4261 sint
569 4207 663 4270 PMF,
683 4210 747 4261 aunt
763 4207 838 4259 Pam
891 4205 1152 4259 demonstrabat*
1202 4205 1238 4257 26
1255 4203 1319 4256 illos

172 4295 223 4350 deo
246 4295 299 4350 Ger
351 4296 384 4350 27
405 4297 444 4350 ait
456 4297 552 4360 PMF,
570 4296 660 4365 iuquit
681 4295 732 4350 Get
