3250 4959
333 415 397 478 614
559 411 676 478 Quinti
696 412 838 482 Septimi
856 412 1027 466 Florentia
1046 413 1250 467 Tertulliani

332 605 360 670 f
352 625 362 670 1
372 609 411 669 at
429 606 566 670 luxti
533 625 549 670 e
583 605 654 688 (de)
672 605 914 670 inluminatione
928 605 1038 670 mundi
1053 606 1125 688 quis
1141 605 1267 671 Christo
1282 607 1343 670 ait:
1359 609 1479 692 posui
1594 640 1595 705 p

331 717 370 776 te
393 712 432 776 iu
461 713 595 776 lumen
628 713 849 790 nationum,
882 711 1061 776 sedentium
1085 713 1238 778 scilicet
1230 733 1262 778 m
1284 716 1424 779 tenebris
1446 726 1481 779 et

331 818 362 881 in
389 819 500 884 umbra
523 819 656 884 mortis?
681 819 732 884 cui
755 818 946 901 respondent
969 819 1132 900 spiritus
1123 839 1157 883 ιιι
1179 819 1302 902 psalmo
1322 841 1358 885 er
1376 823 1479 904 proui-

332 923 567 988 dentialuturi:
589 923 878 1008 significatum
897 921 1100 1010 est[inquit]
1115 943 1236 1008 snper
1254 945 1326 991 uos
1345 927 1476 991 lumen

333 1050 528 1112 personae
561 1035 664 1106 tuae,
693 1031 862 1096 domine.
891 1051 1025 1113 persona
1048 1036 1156 1096 autem
1179 1032 1231 1096 dei
1254 1031 1401 1098 Christus
1424 1033 1477 1098 do·
1507 1055 1521 1094 s

332 1138 449 1218 minus,
472 1137 555 1202 unde
575 1141 607 1202 et
626 1139 790 1220 apostolus
812 1157 917 1221 supra,
942 1139 1010 1219 qui
1028 1143 1092 1203 est
1109 1139 1251 1222 imago.
1271 1140 1387 1221 inquit,
1405 1141 1475 1204 dei.

332 1243 431 1326 igitur
464 1245 491 1308 si
520 1243 667 1309 Christus
695 1261 831 1325 persona
863 1244 1011 1309 creatoris
1041 1243 1191 1309 dicentis:
1229 1245 1308 1310 fiat
1338 1247 1417 1324 lux,
1447 1258 1478 1310 et

332 1351 478 1416 Christus
502 1348 557 1438 [et]
582 1351 719 1433 apostoli
738 1356 770 1415 ct
794 1351 996 1434 euangelium
1020 1356 1053 1415 et
1075 1351 1220 1416 uelamen
1244 1356 1277 1415 et
1294 1351 1424 1434 Moyses
1447 1358 1478 1416 et

331 1461 400 1523 tota
423 1458 520 1522 series
545 1458 719 1522 secundum
743 1457 964 1522 testimouium
989 1458 1152 1522 clausulae
1175 1459 1328 1523 creatoris
1347 1463 1408 1537 est,
1430 1458 1477 1523 dei

332 1565 429 1630 huius
462 1566 543 1633 aeui.
578 1570 662 1629 certe
690 1583 750 1628 non
780 1565 861 1642 eius,
894 1565 949 1646 qui
973 1585 1146 1646 numquam
1169 1564 1261 1629 dixit:
1295 1565 1378 1629 fiat
1407 1567 1476 1630 lur.
1495 1589 1520 1628 ιι

332 1675 507 1755 (praetereo
531 1672 583 1735 hic
606 1677 639 1736 et
661 1671 699 1735 de
723 1671 785 1734 alia
805 1671 950 1753 epistola,
971 1691 1065 1753 quam
1085 1691 1143 1736 nos
1161 1671 1201 1736 ad
1219 1672 1377 1754 Ephesios
1395 1691 1477 1754 prae-

334 1781 483 1862 scriptam
516 1779 681 1854 habemus,
715 1777 866 1842 haeretici
896 1797 972 1842 uero
1001 1779 1042 1842 ad
1064 1778 1267 1843 Laodicenos.
1314 1777 1362 1842 ait
1397 1779 1477 1842 enim

333 1887 518 1954 meminisse
550 1887 704 1963 nationes,
734 1885 818 1966 quod
851 1885 907 1950 illo
931 1885 1138 1967 intempore,
1168 1904 1239 1950 cum
1272 1889 1385 1950 essent
1415 1886 1478 1950 sine

333 1993 471 2070 Christo,
500 1991 594 2056 alieni
623 1991 661 2056 ab
685 1991 836 2070 Israhele,
866 1992 933 2055 sine
958 1993 1199 2056 conuersatione
1222 1994 1256 2054 et
1278 1992 1477 2056 testamentis

333 2109 365 2166 et
388 2118 445 2182 spe
468 2097 698 2181 promissionis,
724 2098 820 2161 etiarn
844 2098 913 2162 sine
940 2097 997 2161 deo
1027 2101 1135 2162 essent
1157 2099 1187 2160 in
1211 2096 1341 2176 mundo,
1371 2098 1478 2180 utique
1495 2118 1520 2160 n

334 2207 396 2270 etsi
421 2206 459 2270 de
494 2209 642 2269 creatore.
672 2223 744 2288 ergo
775 2205 803 2268 si
836 2205 979 2268 nationes
1009 2205 1077 2268 sine
1105 2204 1163 2268 deo
1192 2203 1271 2268 dixit
1298 2223 1381 2280 csse,
1407 2206 1481 2269 deus

331 2319 439 2378 autem
462 2311 528 2376 illis
548 2310 693 2375 diabolus
713 2312 772 2388 cst,
796 2329 858 2374 non
878 2313 1010 2388 creator,
1035 2314 1165 2393 apparet
1183 2309 1277 2374 deum
1298 2311 1370 2374 aeui
1389 2311 1479 2374 huius

334 2439 406 2483 curn
439 2417 699 2501 intellegendum,
733 2435 826 2499 quem
855 2417 998 2482 nationes
1027 2435 1083 2499 pro
1107 2416 1165 2481 deo
1189 2423 1389 2500 receperunt,
1422 2437 1479 2482 non

334 2531 517 2604 creatorem,
542 2544 632 2607 quem
657 2522 827 2609 ignorant.)
861 2523 953 2607 quale
978 2528 1029 2588 est
1050 2528 1168 2602 autem,
1191 2527 1230 2588 ιιι
1252 2544 1314 2589 non
1339 2524 1478 2588 eiusdem

332 2632 485 2698 habeatur
516 2632 685 2696 thesaurus
719 2631 750 2694 in
773 2631 927 2696 fictilibus
951 2630 1049 2708 uasis,
1073 2630 1121 2713 <id
1152 2634 1201 2694 est
1224 2631 1255 2694 in
1280 2631 1480 2714 corporibus>
1496 2651 1521 2690 ιι

332 2739 460 2816 nostris,
481 2739 572 2802 cuius
592 2741 625 2802 et
642 2757 720 2802 uasa
739 2741 834 2802 sunt?
853 2737 917 2801 iarn
937 2737 963 2800 si
983 2737 1105 2820 ‘gloria’
1124 2736 1175 2800 dei
1195 2741 1254 2813 est,
1273 2737 1305 2800 in
1326 2737 1479 2802 fictilibus

333 2846 419 2910 uasis
451 2847 575 2910 tautum
608 2843 750 2908 thesauri
782 2845 901 2920 haberi,
937 2863 1016 2908 uasa
1047 2847 1156 2908 autem
1188 2842 1299 2907 fictilia
1331 2843 1480 2908 creatoris

333 2955 418 3028 sunt,
452 2971 526 3035 ergo
559 2953 591 3016 et
623 2951 725 3034 gloria
757 2951 907 3015 creatoris
945 2954 1003 3027 cst,
1038 2950 1129 3016 cuius
1171 2967 1250 3015 uasa
1278 2951 1479 3014 eminentiam

334 3057 465 3123 uirtutis
499 3058 549 3122 dei
582 3058 720 3140 sapiunt,
746 3059 777 3121 ct
801 3057 904 3121 uirtus
929 3057 1008 3140 ipse,
1037 3057 1112 3139 quia
1142 3061 1310 3140 propterea
1340 3056 1372 3120 in
1404 3075 1480 3120 uasa

333 3166 446 3230 fictilia
468 3165 640 3229 commissa
663 3163 715 3240 sit,
750 3167 786 3227 nt
820 3163 989 3227 eminentia
1013 3163 1081 3229 eius
1109 3164 1304 3247 probaretur.
1340 3166 1478 3228 ceterum
1495 3183 1519 3224 a

424 3321 449 3390 1]
470 3321 536 3375 Gen.
559 3322 581 3383 1,
601 3319 626 3373 3.
682 3319 726 3372 Es.
745 3319 788 3380 49,
808 3321 833 3374 6.
879 3319 907 3387 2]
929 3318 963 3372 cl.
981 3317 1027 3372 Es.
1047 3319 1073 3382 9,
1092 3319 1117 3370 2.
1176 3317 1314 3386 4]Ps.4‚
1335 3319 1360 3370 7.
1399 3318 1425 3387 51
1446 3317 1478 3373 cf.

333 3409 431 3462 'l'hren
450 3411 476 3476 4,
494 3408 537 3461 20.
597 3407 624 3476 6]
644 3406 673 3460 II
691 3407 751 3461 Cor.
770 3409 795 3471 4,
814 3407 841 3459 4.
895 3406 940 3475 12]
961 3405 994 3458 cf.
1013 3405 1084 3475 Eph.
1103 3407 1129 3466 2,
1149 3405 1191 3459 12.
1253 3405 1297 3473 19]
1317 3405 1352 3458 cl.
1371 3404 1400 3458 11
1417 3405 1477 3459 Cor.

333 3501 359 3554 4.
380 3499 404 3552 7.
459 3497 504 3566 21]
524 3495 557 3550 cf.
572 3495 606 3550 .11
625 3493 684 3550 Cor.
704 3498 730 3562 4,
749 3497 774 3552 6.

371 3605 383 3657 1
406 3603 438 3657 de
458 3603 524 3657 odd.
543 3603 614 3656 Pom
696 3601 904 3655 inluminatione
923 3601 1010 3655 Pam.-
1026 3600 1263 3654 inluminationem
1280 3600 1345 3654 MR
1403 3601 1479 3654 dre·

334 3692 469 3763 spondent
487 3691 557 3761 MF,
577 3690 724 3760 respondet
742 3690 862 3758 Ruolpo
907 3689 1034 3758 dinquit
1051 3689 1150 3743 acolaci
1198 3689 1263 3742 8et
1280 3689 1380 3743 acolaci
1449 3700 1480 3741 uc

333 3783 458 3836 uelamen
470 3784 541 3849 fort.
626 3781 655 3834 ll
677 3783 818 3848 praetereo
837 3777 920 3846 MR',
939 3782 1080 3847 praeterea
1096 3777 1146 3841 R²‚
1163 3778 1398 3847 praetere(uud>o
1409 3779 1479 3844 fort.

333 3871 528 3942 praescriptam
556 3869 591 3937 R,
619 3870 797 3938 proscriptam
820 3867 885 3921 ΜΓ
961 3869 993 3921 12
1020 3867 1153 3922 haeretici
1176 3866 1259 3929 MR',
1286 3867 1423 3921 haeretice
1440 3865 1480 3920 13¹

335 3961 368 4016 15
389 3959 439 4014 deo
458 3960 545 4013 Pam:
568 3957 676 4011 domino
695 3957 757 4010 Mle
811 3960 911 4020 essent,
929 3957 957 4010 in
976 3955 1076 4010 mundo
1096 3957 1199 4025 utique,
1218 3956 1271 4009 etsi
1287 3955 1373 4024 culpo
1427 3956 1479 4009 etsi

334 4049 368 4104 de
396 4053 517 4104 creatore
544 4047 602 4102 scil.
631 4049 669 4100 ιιι
695 4047 742 4100 ille
769 4045 886 4099 muudus
941 4045 973 4099 17
1002 4044 1082 4098 deum
1108 4045 1222 4114 sampsi·
1252 4043 1391 4098 domiuum
1417 4043 1481 4098 MR

334 4138 369 4191 20
386 4137 416 4191 id
436 4141 477 4191 eat
495 4138 524 4190 in
544 4135 701 4204 corporibus
721 4133 822 4188 addidi
906 4135 938 4186 21
959 4132 1013 4186 iarn
1031 4133 1144 4201 empse:
1161 4149 1222 4186 nam
1241 4132 1305 4188 MR
1394 4133 1480 4201 gloria

335 4225 377 4279 dei
398 4227 433 4296 cs.
457 4229 519 4292 613,
539 4227 579 4278 26
650 4223 686 4276 24
705 4239 774 4293 quae
793 4227 939 4292 propterea
955 4239 1029 4291 neap.
1048 4223 1120 4292 Eup,
1139 4227 1233 4276 tmere
1249 4222 1330 4289 infra
1348 4227 1414 4274 sunt
1425 4235 1480 4289 pro

334 4315 373 4367 sit
427 4315 461 4365 25
480 4311 646 4378 sitacripeo':
665 4321 727 4364 sunt
746 4310 808 4366 MR
