3250 4959
350 443 409 501 VII.
429 445 596 500 Aduersus
614 445 812 499 Marcionem
831 445 879 499 lib.
897 443 955 498 lllI
971 445 1087 500 40-41.
1227 449 1289 513 561

143 640 290 706 homines
310 640 349 705 de
367 640 435 705 uini
453 641 567 706 rubore
587 638 792 705 descendunt.
816 640 919 704 multo
939 640 1141 706 manifestius
1157 640 1292 707 Genesis

144 748 179 812 in
211 747 428 813 benedictione
461 746 568 824 Iudae,
602 766 637 811 ex
666 747 756 812 cuius
785 747 871 812 tribu
899 748 1002 812 carnis
1031 766 1145 813 census
1174 747 1292 815 Christi

145 873 365 938 processurus,
394 853 456 918 iam
480 856 555 920 tuno
580 851 742 920 Christum
765 849 797 917 in
821 853 901 918 Iuda
925 852 1112 920 deliniabat:
1135 853 1292 934 locabit,

144 961 261 1045 inquit,
284 961 320 1025 in
343 951 430 1025 uino
456 959 592 1025 stolam
617 979 720 1025 suam
746 963 782 1024 et
804 959 842 1024 in
863 961 1050 1045 sanguine
1068 979 1163 1027 uuae
1183 961 1291 1026 amic-

112 1083 126 1122 ⁵
145 1074 224 1133 tum
251 1086 368 1154 suqm,
394 1067 507 1132 stolam
529 1070 561 1131 et
579 1066 730 1131 amictum
749 1085 874 1132 carnem
893 1067 1112 1132 demonstrans
1132 1073 1164 1132 et
1182 1069 1291 1133 uinum

147 1173 344 1258 sanguinem.
373 1173 419 1239 ita
442 1177 474 1239 et
497 1192 578 1238 nunc
603 1173 788 1258 sanguinem
814 1173 963 1239 suumin
993 1175 1066 1239 uino
1096 1174 1293 1240 consecrauit

148 1281 203 1365 qui
226 1285 302 1346 tunc
326 1281 436 1346 uinum
459 1281 490 1344 in
515 1279 702 1366 sanguinem
725 1279 887 1364 figur-anit.

193 1389 246 1452 41.
272 1387 356 1466 Vae,
385 1387 439 1465 ait,
469 1406 532 1470 per
561 1406 666 1470 quem
694 1387 860 1452 traditur
882 1386 993 1452 filius
1019 1385 1191 1453 bominis.
1217 1406 1290 1472 ergo

146 1495 210 1559 iam
227 1495 306 1559 ‘uae'
320 1496 444 1559 constat
456 1493 692 1576 imprecationis
712 1497 745 1559 et
764 1493 1019 1560 comminationis
1038 1494 1293 1560 inclamationem

98 1616 130 1656 ιο
147 1599 395 1684 intellegendam
429 1602 462 1664 et
488 1599 567 1665 irato
597 1602 630 1665 et
657 1601 775 1666 offenso
805 1599 1027 1684 deputandam,
1061 1602 1124 1666 nisi
1147 1604 1175 1667 si
1197 1601 1293 1666 Iudas

148 1708 278 1792 impune
306 1710 374 1771 erat
400 1711 523 1772 tantum
553 1707 680 1772 sceleris
708 1708 874 1773 relaturus
903 1711 937 1772 at
967 1707 996 1773 si
1027 1709 1168 1790 impune,
1201 1711 1294 1773 uacat

149 1815 252 1892 ‘uae'a
269 1814 295 1877 si
319 1833 379 1878 nou
403 1813 540 1898 impune,
565 1815 676 1898 utique
696 1814 734 1878 ab
755 1833 791 1880 eo
811 1815 1000 1900 puniendus,
1019 1815 1049 1879 in
1075 1835 1169 1898 quem
1189 1815 1294 1880 scelus

149 1919 331 1985 traditionis
355 1919 493 1986 admisit.
517 1940 608 2005 porro
633 1922 660 1986 si
680 1922 784 1986 sciens
803 1940 919 2004 passus
938 1926 988 1986 est
1006 1921 1176 1997 hominem,
1201 1940 1293 2005 quem

149 2026 219 2110 ipse
243 2025 409 2090 comitatui
438 2046 495 2092 suo
525 2027 715 2105 adsciuerat,
747 2027 778 2091 in
807 2031 931 2092 tantum
961 2026 1067 2092 scelus
1094 2046 1195 2105 ruere,
1228 2027 1292 2092 noli

101 2133 211 2196 roiam
237 2133 274 2197 de
299 2137 438 2198 creatore
462 2134 545 2199 circa
567 2133 668 2200 Adam
691 2137 861 2200 retractare
885 2133 1019 2216 quaein
1047 2137 1140 2199 tuum
1169 2151 1293 2216 quoque

150 2237 245 2303 deum
263 2242 497 2322 retorquentur:
514 2244 569 2306 aut
586 2242 750 2326 ignorasse
768 2241 872 2320 illum,
891 2243 946 2324 qui
964 2261 1025 2306 non
1044 2261 1080 2306 en
1095 2240 1293 2325 prouidentia

151 2345 278 2410 obstitit
292 2350 470 2428 peccaturo,
486 2353 542 2413 aut
556 2347 711 2414 obsistere
725 2367 786 2414 non
800 2349 956 2433 potuisse,
971 2347 999 2413 si
1012 2348 1106 2433 <ηοη>
1119 2348 1294 2432 ignorabat,

152 2457 208 2518 aut
234 2453 387 2532 noluisse,
421 2455 448 2520 si
473 2460 505 2520 et
533 2455 654 2520 sciebat
682 2461 714 2520 et
740 2459 874 2539 poterat,
908 2459 1003 2538 atque
1029 2456 1076 2520 ita
1097 2455 1293 2520 malitiosum

150 2560 366 2641 iudicandum,
395 2562 449 2644 qui
477 2581 591 2644 passus
617 2563 660 2628 sit
681 2562 842 2628 hominem
866 2581 961 2627 suum
985 2581 1020 2626 ex
1044 2561 1159 2626 delicto
1183 2561 1294 2644 perire.

103 2681 133 2722 20
151 2667 270 2733 suadeo
286 2667 385 2752 igitur
399 2687 552 2752 agnoscas
572 2669 680 2752 potius
700 2669 780 2734 etin
800 2670 863 2734 isto
884 2671 1055 2733 creatorem
1074 2686 1169 2751 quam
1187 2685 1294 2750 parem

149 2774 198 2839 illi
222 2775 316 2839 deum
341 2776 498 2858 optimum
523 2775 676 2841 aduersus
701 2777 889 2840 sententiam
913 2777 1001 2840 tuam
1029 2773 1136 2839 facias.
1163 2792 1236 2839 nam
1264 2775 1297 2837 et

150 2883 281 2946 Petrum
300 2883 551 2966 praesumptorie
571 2882 691 2964 aliquid
709 2883 871 2948 elocutum
890 2882 1052 2966 negationi
1069 2881 1177 2964 potius
1201 2879 1294 2943 desti-

64 3063 69 3074 ,
151 2988 253 3052 nando
283 2989 403 3052 zeloten
432 2987 527 3053 deum
550 2988 609 3054 tibi
634 2988 782 3054 ostendit.
812 2988 924 3053 debuit
951 2988 1047 3052 etiarn
1071 2987 1180 3052 osculo
1204 2984 1295 3063 tradi,

152 3095 357 3178 propheticus
381 3095 505 3160 scilicet
528 3095 683 3172 Christus
708 3099 745 3161 ut
768 3094 836 3160 eius
860 3095 983 3159 scilicet
1004 3093 1102 3172 filius,
1127 3092 1180 3176 qui
1203 3091 1296 3156 labiis

104 3215 133 3256 2⁵
153 3221 171 3266 a
189 3203 307 3286 populo
328 3202 529 3287 diligebatur.
598 3202 775 3268 Perductus
794 3202 827 3266 in
851 3219 1048 3278 consessum,
1068 3220 1105 3264 an
1123 3200 1193 3280 ipse
1212 3200 1298 3263 esset

154 3307 312 3385 Christus,
337 3309 556 3392 intemogatur.
582 3308 705 3391 dequo
731 3307 856 3374 Christo
880 3307 988 3373 Iudaei
1013 3306 1213 3390 quaesissent
1235 3305 1297 3369 nisi

154 3416 193 3480 de
226 3419 304 3480 suo?
338 3435 393 3480 our
422 3434 494 3499 ergo
526 3416 585 3481 non
610 3416 663 3481 uel
686 3419 763 3481 tunc
787 3417 884 3481 alium
909 3416 955 3480 eis
978 3412 1139 3497 prodidit?
1162 3417 1209 3476 ‘ut
1230 3411 1297 3492 pati

152 3524 283 3604 posset',
307 3522 423 3606 inquis,
453 3523 486 3587 id
515 3528 574 3602 est,
608 3527 645 3588 ut
672 3524 727 3588 illo
756 3523 897 3606 optimus
925 3521 1106 3606 ignorantes
1135 3519 1239 3584 adbuc
1265 3517 1297 3582 in

153 3629 259 3694 scelos
275 3633 440 3713 mergeret.
460 3630 568 3712 atquin
585 3631 658 3696 etsi
678 3631 818 3710 dixisset,
832 3648 986 3712 passurus
1004 3631 1099 3693 esset.
1119 3627 1151 3692 si
1172 3625 1296 3690 dinero

243 3786 269 3856 2]
290 3786 323 3844 cf.
345 3787 411 3842 Gen.
430 3789 473 3855 49,
494 3785 534 3840 10.
591 3787 619 3856 3]
640 3787 705 3840 Gen.
725 3787 769 3854 49,
790 3786 831 3839 11.
883 3785 910 3853 8]
932 3783 965 3837 cf.
983 3781 1048 3839 Luc.
1068 3783 1111 3850 22,
1130 3782 1177 3847 22;
1197 3780 1296 3836 Mattb.

153 3877 198 3944 26,
216 3875 263 3942 243
282 3875 362 3930 Marc.
384 3877 425 3940 14,
445 3875 487 3931 21.
551 3875 597 3943 22]
618 3875 651 3927 cl.
670 3875 735 3928 Luc.
754 3875 797 3940 22,
817 3873 931 3928 33-34.
988 3872 1032 3940 23]
1054 3871 1086 3923 cf.
1105 3869 1168 3923 Luc
1188 3871 1232 3936 22,
1251 3869 1296 3921 47.

153 3965 200 4034 24]
221 3963 255 4018 cf.
273 3963 318 4019 Es.
339 3965 382 4032 29,
403 3965 443 4019 13.
499 3964 544 4032 25]
566 3963 597 4016 cl.
618 3963 682 4016 Luc.
702 3963 744 4030 22,
764 3963 879 4015 66-67.
935 3959 1191 4028 aequaeuam.

191 4072 205 4122 1
221 4068 389 4124 descendunt
402 4069 444 4137 M,
460 4067 625 4122 descendant
639 4067 666 4122 R
676 4069 758 4137 uulgo
795 4067 811 4120 3
829 4067 928 4132 (erat)
944 4079 1117 4135 processurus
1125 4062 1196 4127 fort.
1251 4059 1297 4114 de·

152 4157 270 4212 liniabat
282 4157 365 4220 MR³,
380 4157 534 4211 declinabat
546 4155 585 4212 R¹
631 4158 645 4209 7
662 4155 819 4224 sanguinem
838 4154 950 4222 scripsi:
968 4151 1100 4222 sanguine
1114 4150 1176 4204 MR
1223 4150 1252 4201 ll
1270 4153 1299 4201 at

153 4247 263 4314 scripsi:
284 4249 331 4299 aut
350 4245 411 4300 MR
476 4244 507 4298 17
528 4262 580 4298 non
602 4244 702 4298 addidi
764 4244 797 4298 25
816 4241 962 4312 productus
981 4241 1040 4294 Iun
1094 4239 1128 4291 26
1148 4237 1300 4307 quaesisset

157 4333 287 4389 Oeltlerac

182 4459 313 4499 xxxxvn.
330 4459 391 4498 ηοη.
406 4459 448 4498 111.
1229 4431 1263 4484 36
