3250 4959
375 393 433 447 Vll.
452 393 619 447 Aduersus
638 394 836 447 Marcionem
855 393 902 447 lib.
921 394 978 447 llll
999 396 1111 447 11-12.
1243 399 1308 461 453

151 588 240 651 ferre
265 592 297 651 et
321 588 487 653 sabbatum
513 589 579 651 eius
604 589 798 671 impugnare.
824 593 855 652 et
879 592 915 651 ut
938 588 1040 669 prima
1059 608 1201 670 quaeque
1226 590 1308 653 deci·

152 694 283 767 damus,
303 713 341 757 ue
362 695 471 758 eudem
492 696 608 776 ubique
628 714 783 758 uouemus
804 695 843 758 ad
862 714 986 758 omnem
1003 696 1308 777 argumentationem

152 800 333 864 aduersarii
361 802 527 882 exaliqua
554 820 636 864 noua
662 801 779 866 Christi
808 802 1009 864 institutione
1038 802 1202 866 nitentem.
1231 802 1308 865 baec

150 908 220 971 iarn
232 908 373 971 delinitio
384 908 495 971 stabit:
506 908 576 971 ideo
592 908 629 971 de
645 909 785 973 nouitate
799 908 1012 971 institutionis
1023 909 1176 990 cuiusque
1188 908 1308 991 discep-

116 1036 130 1074 e
150 1018 273 1091 tatum,
289 1015 363 1095 quia
379 1014 416 1077 de
430 1015 571 1078 nouitate
583 1015 761 1080 diuinitatis
772 1015 851 1078 nihil
862 1019 928 1079 erat
942 1034 1043 1097 usque
1058 1015 1160 1078 adhuc
1174 1015 1306 1091 editum,

152 1121 255 1184 sicuti
288 1140 344 1184 uec
378 1121 590 1202 disceptatum
624 1141 707 1200 eea,
742 1140 799 1185 nec
831 1141 926 1206 pesse
963 1122 1136 1203 retorqueri
1169 1140 1206 1185 ex
1237 1122 1308 1204 ipsa

151 1228 301 1291 nouitate
312 1228 688 1311 institutioniscuiusqrre
700 1230 778 1292 satis
789 1228 1048 1294 aliamaChristo
1060 1228 1306 1292 demonstratam

153 1334 369 1413 diuinitatem,
384 1335 507 1416 quaudo
523 1340 555 1398 et
569 1335 670 1417 ipsam
685 1336 859 1400 nouitatem
879 1336 1111 1418 pronuntiatam
1133 1354 1150 1397 a
1169 1338 1307 1398 creatore

154 1441 341 1505 constiterit
362 1442 393 1504 in
415 1441 540 1507 Christo
560 1460 620 1504 nou
650 1461 719 1505 esse
743 1442 916 1505 mirandam
942 1446 974 1504 et
998 1441 1173 1523 oportuerit
1195 1441 1307 1521 utique

105 1572 132 1609 ro
153 1548 248 1629 prius
271 1547 368 1611 alium
393 1548 487 1611 deum
512 1548 632 1631 erponi,
657 1552 769 1629 postea
788 1548 988 1630 disciplinam
1008 1549 1077 1611 eius
1095 1546 1213 1624 induci,
1234 1549 1308 1628 quia

154 1654 238 1717 deus
258 1654 479 1718 auctoritatem
499 1658 638 1735 praestet
661 1654 856 1737 disciplinae,
877 1674 936 1718 uon
956 1653 1014 1717 dee
1040 1655 1221 1735 discipliua;
1247 1653 1308 1717 uisi

154 1761 186 1823 si
210 1763 241 1825 et
264 1761 405 1824 Marcion
425 1762 516 1842 plane
536 1764 602 1824 tam
621 1780 786 1842 peruersas
806 1779 867 1824 uon
891 1781 948 1843 per
970 1760 1160 1843 magistrum
1182 1759 1307 1822 litteras

154 1867 280 1941 didicit,
296 1867 353 1931 sed
366 1886 421 1948 per
435 1868 557 1931 litteras
576 1868 777 1950 magistrum.
797 1872 902 1931 cetera
922 1867 959 1931 de
980 1867 1111 1930 sabbato
1131 1866 1176 1930 ita
1190 1866 1306 1947 dirigo:

155 1974 185 2037 si
202 1974 370 2037 sabbatum
385 1973 531 2039 Christus
546 1972 735 2053 intercedit,
751 1974 926 2037 secundum
941 1974 1118 2056 exemplum
1133 1972 1211 2035 tecit
1225 1991 1306 2035 crea-

108 2102 136 2142 re
154 2080 248 2158 toris,
273 2080 449 2161 siquidem
478 2080 511 2143 iu
540 2080 703 2144 obsidione
728 2080 869 2144 ciuitatis
897 2078 1096 2144 Hiericheuis
1121 2079 1307 2141 circumlata

154 2206 215 2269 per
236 2206 344 2251 muros
368 2206 439 2252 arca
466 2188 649 2251 testamenti
677 2192 798 2269 septem
827 2187 950 2263 diebus,
979 2187 1075 2249 etiam
1103 2186 1245 2261 sabbato,
1270 2203 1306 2246 en

155 2300 326 2376 praecepto
355 2295 503 2359 creatoris
532 2294 699 2357 sabbatam
730 2295 912 2377 operatione
941 2292 1105 2366 destruxit,
1134 2293 1171 2353 ut
1193 2294 1307 2373 putant

156 2401 214 2482 qui
237 2399 298 2465 hoo
321 2404 354 2463 et
377 2400 414 2463 de
440 2399 564 2464 Christo
594 2400 783 2475 existimant,
806 2403 989 2484 ignorantes
1017 2418 1118 2482 neque
1143 2397 1305 2462 Christum

156 2507 327 2571 sabbatum
351 2507 544 2571 destruxisse
568 2527 670 2589 neque
695 2513 877 2586 creatorem,
902 2512 938 2570 ut
960 2526 1032 2571 mox
1056 2504 1250 2569 docebimus.
1275 2506 1307 2567 et

110 2636 137 2677 ao
156 2618 265 2677 tamen
292 2632 348 2696 per
374 2614 482 2677 Iesum
511 2618 588 2679 tunc
617 2633 742 2695 quoque
771 2634 962 2678 concussum
991 2618 1040 2676 est
1063 2612 1241 2687 sabbatum,
1269 2612 1306 2671 ut

157 2724 192 2785 et
216 2720 328 2785 hocin
354 2720 514 2785 Christum
539 2722 783 2785 renuntiaretur.
809 2721 903 2783 etiam
929 2721 955 2783 si
970 2721 1053 2793 ‚odio
1073 2720 1236 2782 insecutus
1258 2720 1308 2779 est

157 2826 443 2891 sollemnissimum
467 2827 657 2891 Iudaeorum
682 2827 766 2890 diem
790 2832 827 2890 ut
851 2826 997 2892 Christus
1022 2845 1083 2889 non
1105 2825 1304 2896 Iudaeorum,

158 2933 198 2996 de
213 2932 283 2997 odio
300 2951 424 3014 quoque
445 2933 568 2996 sabbati
587 2932 750 3015 protessus
771 2936 955 3006 creatorem,
974 2937 1011 2995 ut
1026 2930 1172 2997 Christus
1191 2930 1304 3012 ipsius,
1356 2986 1360 2992 .

157 3039 353 3121 sequebatur
376 3038 601 3103 exclamantem
626 3058 678 3103 ore
698 3039 824 3103 Esaiae:
849 3039 1062 3102 neomenias
1087 3041 1122 3100 et
1147 3036 1306 3101 sabbata

113 3168 138 3209 as
156 3148 288 3209 uestra
307 3144 387 3209 odit
405 3145 526 3209 anima
545 3165 631 3210 mea.
651 3146 706 3210 aed
727 3146 849 3209 ethaeo
865 3164 999 3227 ursoque,
1015 3143 1205 3226 <quo>modo
1221 3142 1306 3204 dicta

158 3251 234 3329 siut,
262 3251 392 3316 scimus.
425 3251 604 3316 adhihenda
631 3257 736 3315 tamen
764 3254 796 3315 in
825 3252 884 3315 hac
913 3252 1019 3333 specie
1047 3250 1142 3314 etiam
1172 3248 1307 3328 abrupta

249 3372 292 3441 te]
313 3372 346 3426 cl.
364 3372 417 3426 Ios.
437 3374 462 3436 6,
482 3374 561 3428 3-4.
616 3374 661 3442 24]
681 3374 728 3427 Es,
748 3375 772 3442 1,
794 3377 836 3428 14.

196 3478 212 3531 6
232 3480 362 3533 lacunam
379 3480 505 3547 alphoni:
528 3480 632 3547 suisset,
652 3480 674 3532 ai
695 3480 792 3534 luisset
811 3481 915 3534 editum
937 3479 1109 3533 intercidisse
1122 3483 1201 3546 puto,
1221 3476 1306 3530 deleri

158 3568 772 3638 nroualtuerbaeicutinecdisoeptatomErrp
807 3570 984 3623 9mirandam
993 3568 1208 3637 R‚miraudaM
1254 3568 1305 3619 uri-

157 3656 278 3709 randam.
294 3660 323 3709 et
335 3657 419 3725 culpo
476 3660 508 3711 15
524 3660 546 3711 si
563 3658 672 3726 quidem
687 3662 731 3724 (=
744 3656 768 3711 εἴ
778 3678 816 3729 γε,
830 3677 910 3713 rocem
925 3660 1033 3714 endas.
1045 3674 1123 3711 rema
1135 3655 1260 3709 withlich
1270 3656 1304 3721 rs.

161 3746 618 3816 451‚9)aenipsi:siquidemaulpo
663 3744 1305 3808 hierichonisM‚Hieriobontisll‚Hierichuntis

158 3834 233 3887 Pom
301 3834 460 3887 circumlata
479 3851 540 3888 arca
558 3837 761 3889 raonrinatr'uum
780 3838 906 3904 intellepo
962 3837 995 3889 16
1015 3840 1119 3905 septem
1137 3835 1224 3887 Pam:
1243 3839 1304 3884 octo

158 3921 222 3975 MR
276 3938 307 3975 ex
326 3927 469 3991 praecepto
488 3926 617 3976 creatoris
636 3924 768 3992 coniurepe
790 3940 851 3977 curn
875 3925 1033 3978 circumlata
1089 3923 1226 3976 dolesum
1245 3920 1304 3973 scil.

154 4011 249 4080 filium
258 4011 343 4065 Naue
383 4013 416 4066 21
431 4013 641 4073 renuntiaretur,
657 4014 738 4065 etiaur
753 4014 836 4082 orulpo
877 4016 911 4067 22
927 4012 1196 4066 diem—Iudaeorum
1210 4026 1261 4063 om.
1271 4008 1308 4061 M

159 4100 194 4153 24
213 4101 379 4155 exclamante
392 4101 429 4155 M
490 4102 524 4154 25>
544 4117 651 4171 quoque
667 4102 760 4167 (qno)
779 4103 892 4169 scripsi:
910 4118 1016 4170 quoque
1036 4101 1106 4167 MR,
1126 4116 1232 4169 quoquo
1254 4097 1306 4151 Gal

159 4190 259 4255 reliqui
351 4191 386 4243 26
400 4196 466 4257 poet
484 4189 583 4243 scimus
600 4191 725 4257 proditer
744 4191 862 4243 dr'etr'rari
969 4188 1126 4243 adhibenda
1137 4231 1143 4241 .
1155 4231 1160 4242 .
1172 4230 1178 4242 .
1190 4188 1306 4255 abrupta

160 4276 281 4332 defensio
301 4282 343 4333 est
359 4280 470 4347 scripsi:
490 4278 670 4332 adhibendam
683 4278 877 4347 ...abruptam
897 4278 1080 4332 defensionem
1099 4277 1161 4331 affl
