3250 4959
322 411 387 476 338
546 405 664 472 Quinti
683 406 826 476 Septimi
845 406 1016 462 Florentio
1035 407 1239 462 Tertulliani

321 604 529 670 benedicebat
559 622 639 686 quae
670 602 896 682 benefaciebat,
926 607 964 670 ut
995 603 1055 670 tibi
1086 605 1174 668 totus
1203 603 1281 668 deus
1310 621 1461 669 commen·

323 710 458 791 daretur,
490 711 592 776 bonus
621 715 654 776 et
677 711 781 775 dicere
810 715 843 776 et
867 711 980 775 iacere.
1016 710 1205 776 maledicere
1234 709 1338 774 adbuc
1362 729 1461 776 sermo

321 837 383 884 uon
406 822 507 896 norat,
536 818 611 900 quia
633 837 691 882 uec
713 817 911 884 malefacere.
948 818 1130 883 uidebimus
1154 835 1277 895 causas,
1301 835 1384 899 quae
1406 816 1462 880 boc

321 944 446 1007 quoqne
476 924 575 989 adeo
605 928 786 1009 exegerunt.
825 925 950 990 interim
979 924 1118 990 mundus
1142 944 1179 990 er
1201 924 1291 990 bonis
1316 925 1462 990 omnibus

321 1032 476 1110 const'tit,
499 1032 579 1096 satis
598 1036 861 1115 praemonstrans,
886 1035 1041 1112 quantum
1059 1031 1133 1096 boni
1155 1036 1317 1114 pararetur
1335 1031 1396 1110 illi,
1415 1030 1464 1096 cui
1489 1051 1500 1092 s

320 1138 564 1222 praeparabatur
591 1139 653 1204 boc
679 1141 794 1204 totum.
838 1138 909 1222 quis
938 1138 1075 1222 denique
1103 1138 1218 1224 diguus
1244 1139 1384 1204 incolere
1416 1138 1464 1204 dei

320 1264 415 1328 opera
434 1265 528 1328 quam
552 1246 655 1327 ipsius
677 1246 783 1332 imago
808 1249 841 1310 et
864 1245 1063 1310 similitudo?
1097 1265 1165 1310 eam
1189 1264 1316 1329 quoque
1339 1245 1462 1310 bouitas

319 1352 505 1436 etquidem
534 1353 713 1436 operantior
740 1356 869 1434 operata
896 1357 955 1430 est,
988 1372 1049 1417 non
1081 1353 1239 1436 imperiali
1266 1353 1376 1430 uerbo,
1409 1352 1464 1418 sed

318 1460 466 1526 familiari
485 1479 591 1538 mauu,
615 1461 710 1524 etiarn
730 1461 828 1524 uerbo
849 1459 1030 1526 blandiente
1047 1461 1236 1542 praemisso:
1262 1459 1462 1524 iaciamus

318 1568 517 1632 homiuem
546 1566 591 1631 ad
619 1567 837 1650 imaginem
866 1570 905 1631 et
928 1566 1246 1632 similitudinem
1271 1569 1501 1632 nostrane

317 1675 444 1739 bouitas
473 1673 565 1750 dirit;
594 1673 718 1739 bonitas
746 1673 836 1738 fiuxit
863 1672 901 1737 de
934 1673 1011 1738 limo
1038 1673 1070 1737 in
1100 1678 1221 1738 tantam
1250 1672 1462 1740 substantiam

317 1781 430 1858 carnis,
464 1800 499 1844 er
526 1798 589 1844 una
615 1781 747 1844 materia
772 1783 825 1844 tot
853 1780 1062 1862 qualitatibus
1091 1784 1297 1856 exstructam
1335 1780 1460 1846 bonitas

315 1889 440 1954 inflauit
458 1888 489 1950 in
509 1887 657 1965 animam,
677 1906 738 1952 non
756 1891 925 1962 mortuam,
946 1887 1003 1950 sed
1022 1887 1145 1960 uiuam;
1164 1887 1289 1952 bonitas
1309 1887 1460 1969 praefecit

316 1995 474 2061 uniuersis
484 1994 625 2059 fruendis
635 2000 729 2076 atque
743 1993 922 2078 regnandis,
939 1994 1034 2058 etiam
1050 1993 1325 2078 cognominandis;
1335 1995 1459 2060 bonitas

315 2103 453 2186 amplius
481 2102 610 2166 delicias
639 2101 756 2166 adiecit
782 2101 914 2180 homini,
949 2104 995 2179 ut,
1023 2120 1216 2184 quamquam
1244 2100 1344 2165 totius
1375 2101 1458 2165 orbis
1478 2113 1498 2155 1⁵

313 2209 491 2292 possidens,
509 2209 542 2271 in
562 2207 796 2272 amoenioribus
820 2212 1003 2285 moraretur,
1023 2209 1203 2272 translatus
1220 2208 1253 2272 iu
1276 2207 1458 2290 paradisum

313 2353 357 2362 —
370 2315 434 2380 iarn
448 2318 526 2380 tunc
540 2314 579 2379 de
594 2315 709 2379 mundo
724 2315 755 2379 iu
771 2314 940 2380 ecclesiam
951 2338 1008 2392 -3
1026 2315 1135 2380 eadem
1150 2314 1273 2380 bouitas
1288 2317 1322 2378 et
1337 2314 1458 2380 adiuto-

313 2423 395 2487 rium
410 2422 580 2504 prospexit,
592 2443 629 2486 ue
644 2420 719 2505 quid
735 2441 797 2486 nou
812 2423 895 2487 boni.
911 2442 986 2488 non
1001 2426 1065 2486 est
1080 2422 1175 2498 enirn,
1190 2422 1457 2505 inquit,bouum

314 2529 444 2594 solum
465 2548 555 2594 esse
573 2529 783 2595 homiuem.
808 2529 930 2594 sciebat
943 2529 992 2593 ilii
1007 2547 1114 2594 sexum
1130 2527 1248 2593 Mariae
1263 2531 1296 2593 et
1310 2529 1457 2610 deinceps

313 2635 467 2700 ecclesiae
494 2636 707 2719 profuturum.
745 2635 802 2700 sed
834 2639 866 2699 et
894 2655 988 2717 quarn
1018 2637 1125 2720 arguis
1152 2635 1268 2719 legem,
1303 2655 1399 2717 quam
1426 2636 1457 2700 in
1473 2651 1498 2690 ²⁰
1607 2637 1608 2696 ἶ

312 2744 544 2808 controuersias
562 2747 703 2824 torques,
722 2743 849 2807 bonitas
868 2743 1033 2826 irrogauit,
1054 2743 1223 2808 cousulens
1243 2741 1374 2820 lromiui,
1395 2761 1457 2824 quo

312 2850 370 2914 deo
404 2849 596 2928 adhaereret,
627 2869 666 2914 ne
699 2868 760 2914 non
789 2855 854 2914 taor
884 2851 963 2914 liber
991 2869 1085 2932 quam
1113 2850 1257 2916 abiectus
1285 2849 1455 2924 uideretur,

311 2956 496 3038 aequandus
525 2956 653 3020 famulis
683 2955 762 3032 suia,
792 2956 906 3020 ceteris
930 2956 1130 3036 animalibus,
1160 2955 1276 3020 solutis
1301 2956 1457 3022 adeost

311 3082 346 3128 er
365 3063 494 3128 fastidio
517 3062 638 3138 liberis,
663 3062 720 3127 sed
743 3067 779 3127 ut
802 3065 892 3128 solus
916 3064 1011 3128 bomo
1036 3062 1234 3146 gloriaretur,
1259 3063 1344 3145 quod
1369 3062 1456 3128 solus

311 3169 425 3252 dignus
444 3169 570 3247 fuisset,
596 3171 650 3251 qui
672 3171 776 3254 legem
801 3190 818 3232 a
843 3170 900 3234 deo
926 3175 1075 3244 sumeret,
1100 3172 1199 3252 utque
1223 3169 1340 3233 animal
1363 3170 1454 3233 ratio·
1473 3183 1498 3223 *ὁ

310 3278 392 3356 nale,
429 3277 611 3340 intellectus
648 3282 681 3340 et
712 3276 864 3341 scientiae
903 3295 1008 3359 caper,
1046 3277 1116 3359 ipsa
1153 3295 1278 3358 quoque
1310 3276 1455 3340 libertate

310 3384 456 3448 rationali
486 3385 708 3462 contineretur,
738 3384 766 3448 ei
790 3384 965 3462 subiectus,
995 3383 1047 3466 qui
1073 3383 1252 3448 subiecerat
1269 3383 1318 3447 illi
1343 3382 1454 3448 omnia.

266 3487 289 3552 C
309 3486 417 3578 leuius
428 3490 732 3575 legisobseruandae
744 3491 913 3555 consilium
926 3491 1050 3556 bonitas
1061 3491 1178 3573 pariter
1188 3490 1371 3573 adscripsit:
1383 3507 1456 3572 qua

398 3614 426 3681 9]
448 3613 481 3665 ci.
502 3611 567 3668 Gen.
595 3615 618 3678 l,
637 3613 680 3666 26.
764 3613 808 3681 13]
829 3613 863 3666 oi.
888 3612 954 3666 Gen.
979 3615 1003 3668 2.
1030 3614 1054 3668 7.
1148 3613 1192 3682 14]
1212 3610 1244 3666 ol.
1270 3611 1336 3666 Gen.
1360 3613 1386 3678 2,
1414 3611 1453 3664 19.

309 3702 352 3769 161
373 3703 407 3755 of.
427 3701 494 3756 Gen.
514 3703 539 3761 2,
558 3705 583 3755 8.
641 3703 685 3770 18]
707 3701 774 3755 Gen.
794 3705 819 3770 2,
842 3703 882 3755 18.
938 3703 984 3771 281
1005 3701 1073 3758 Gen.
1093 3703 1118 3769 2,
1139 3703 1181 3755 17.

346 3792 378 3843 13
392 3793 420 3844 in
435 3791 552 3844 animam
561 3791 632 3850 MR,
647 3791 763 3843 animam
778 3791 859 3856 Pam,
874 3791 1211 3858 in<eum>auimarn1nn
1259 3793 1291 3844 15
1306 3789 1456 3844 diliciasdi

196 3927 201 3938 ,
308 3879 339 3930 17
359 3881 542 3947 parenthesin
564 3879 705 3933 indicauit
727 3881 800 3949 Enp.
825 3881 874 3948 qni
896 3886 920 3932 et
947 3897 1018 3947 quae
1041 3880 1206 3934 antecedunt
1228 3879 1303 3946 (trade
1327 3897 1345 3932 a
1373 3881 1392 3934 l.
1414 3883 1454 3943 11>

306 3969 406 4022 rectius
425 3969 553 4022 distincti
606 3970 638 4022 21
660 3969 794 4037 irrogauit
808 3969 887 4036 Idne:
909 3970 1033 4037 erogauit
1048 3968 1117 4034 MR,
1135 3970 1245 4038 rogauit
1267 3968 1397 4022 Oetlenta
1414 3967 1454 4032 (in

309 4067 401 4131 erotis).
413 4068 548 4119 eructauit
558 4064 645 4118 chr.
655 4066 755 4134 Hoppe
800 4067 835 4119 23
846 4051 985 4120 cetariis!
992 4069 1001 4136 (
1025 4083 1047 4120 s.
1057 4085 1084 4119 n.
1097 4083 1115 4118 a
1124 4085 1159 4119 na,
1169 4069 1201 4134 1),
1235 4066 1392 4136 stratigio
1405 4066 1455 4121 Gal

308 4155 343 4208 25
357 4171 434 4208 nom.
444 4155 474 4208 κἸ
516 4155 658 4222 rationale,
674 4155 830 4208 intellectus
841 4154 889 4218 Ri,
904 4155 1059 4208 intellectus
1074 4156 1206 4209 rationale
1217 4154 1291 4210 1111ι
1326 4157 1361 4208 28
1371 4155 1453 4208 uerbo

308 4245 383 4296 curius
395 4243 625 4313 legi-obsequii
634 4244 771 4298 secundae
780 4245 911 4298 editionis
921 4251 1059 4311 esscputo.
1068 4261 1128 4297 cem
1137 4249 1282 4311 qnae339.
1290 4246 1453 4314 Μαρκίαν.-

305 4349 386 4401 porro
405 4333 428 4385 ai
446 4349 501 4400 sqq.
522 4340 597 4386 arcte
615 4349 642 4385 se
661 4335 800 4401 applicent
816 4333 855 4386 ad
867 4350 909 4398 eu,
929 4348 999 4400 qnae
1015 4335 1196 4400 proferantur
1216 4335 1283 4396 338,
1303 4335 1417 4388 20-27
