3250 4959
711 1147 784 1211 1111.

449 1287 671 1354 ADVERSVS
695 1288 1047 1355 VALENTINIANOS.

215 1436 246 1497 1.
278 1396 504 1509 Valentiniani,
527 1430 821 1515 frequentissimum
840 1433 931 1517 plana
952 1432 1122 1517 collegium
1146 1432 1228 1497 inter
1246 1433 1319 1497 liae·

162 1541 298 1617 reticos,
323 1539 408 1621 quia,
432 1539 604 1619 plurimum
633 1558 669 1603 ex
696 1539 851 1622 apostatis
883 1540 1039 1619 ueritatis,
1068 1543 1100 1605 et
1127 1540 1166 1604 ad
1194 1539 1318 1605 fabulas

126 1646 264 1711 slacile
289 1650 339 1712 est
362 1650 395 1711 et
418 1645 585 1727 disciplina
607 1648 835 1725 conterretur,
859 1646 938 1710 nihil
962 1645 1064 1731 magis
1089 1649 1200 1712 curant
1224 1666 1318 1730 quam

164 1754 331 1819 occultare
354 1751 438 1835 quod
462 1751 658 1835 praedicant;
683 1752 710 1817 si
734 1756 842 1817 tamen
861 1752 1044 1835 praedicant
1067 1753 1121 1836 qui
1146 1754 1318 1819 occultant.

163 1858 336 1923 custodiae
360 1858 500 1923 officium
524 1859 736 1923 conscientiae
760 1859 913 1925 offucium
941 1864 1001 1925 est.
1031 1860 1174 1925 conlusio
1197 1859 1318 1943 praedi-

164 1972 271 2040 catur,
295 1965 371 2029 dum
389 1964 501 2049 religio
521 1965 737 2030 adseueratur.
760 1986 832 2030 nam
853 1970 885 2031 et
902 1966 958 2031 illa
981 1966 1153 2041 Eleusinia,
1177 1967 1317 2031 haeresis

162 2077 199 2136 et
221 2072 295 2155 ipsa
316 2072 441 2136 Atticae
465 2071 711 2155 superstitionis,
735 2072 820 2154 quod
843 2075 960 2149 tacent,
984 2073 1085 2157 pudor
1113 2075 1171 2155 est,
1199 2073 1317 2138 ido-irco
1354 2066 1364 2095 ''

111 2202 144 2240 ιο
164 2183 200 2243 et
232 2178 355 2241 aditum
380 2178 468 2261 prius
492 2179 634 2243 cruciant
661 2175 795 2264 [diutius
824 2176 962 2265 initiant]
993 2198 1087 2263 quam
1121 2180 1316 2263 consignant,

163 2304 242 2349 cum
281 2288 413 2366 epoptas
445 2289 517 2349 ante
555 2284 804 2366 quinquennium
842 2285 1025 2363 instituunt,
1064 2289 1101 2351 ut
1135 2286 1316 2369 opinionem

164 2390 342 2472 suspendio
366 2390 555 2475 cognitionis
584 2390 752 2455 aedificent
783 2395 878 2473 atque
901 2392 947 2456 ita
969 2395 1089 2457 tantam
1116 2392 1316 2457 maiestatem

162 2498 313 2564 exhibere
332 2497 510 2575 uideantur,
530 2500 679 2579 quantam
698 2501 956 2580 praestruxerunt
975 2499 1192 2582 cupiditatem.
1213 2500 1317 2581 scqui-

162 2609 220 2669 tur
238 2604 301 2668 iarn
321 2604 441 2668 silentii
459 2604 612 2669 officium.
637 2604 764 2669 adtente
784 2605 965 2671 custoditur·
983 2606 1069 2689 quod
1088 2606 1176 2670 tarde
1194 2605 1316 2671 inueni-

113 2734 144 2777 re
163 2716 227 2775 tur.
252 2714 391 2775 cetemm
415 2715 484 2775 tota
500 2712 532 2775 in
552 2711 657 2794 adytis
681 2712 844 2787 diuinitas
869 2715 937 2776 tota
957 2713 1094 2796 suspiria
1118 2715 1315 2795 epoptarum,

162 2822 273 2882 toturn
292 2818 492 2908 signaculum
511 2818 639 2901 linguae
654 2818 861 2882 simulacrum
881 2818 1015 2883 membri
1029 2818 1133 2883 uirilis
1147 2820 1315 2883 reueletur.

163 2924 224 2988 sed
248 2927 378 2988 naturae
401 2924 616 2988 uenerandum
639 2943 752 2988 nomen
777 2924 948 3009 allegorica
976 2925 1144 3009 dispositio
1173 2930 1316 3008 praeten-

162 3032 245 3095 dens
264 3030 437 3113 patrocinio
457 3034 584 3095 coactae
607 3030 726 3115 figurae
750 3031 954 3114 sacrilegium
981 3032 1132 3096 obscurat
1155 3035 1186 3095 et
1210 3032 1316 3096 conui-

162 3139 251 3202 cium
276 3138 365 3202 laleis
389 3138 569 3202 simulacris
594 3142 733 3203 excusat.
757 3138 887 3221 proinde
912 3158 990 3221 quos
1011 3157 1093 3203 nunc
1118 3138 1314 3203 destinamus

109 3272 142 3311 ao
160 3245 340 3309 haereticos
369 3246 487 3309 sanctis
520 3245 702 3310 nominibus
732 3249 764 3308 et
791 3245 895 3310 titulis
929 3250 961 3309 et
992 3246 1187 3329 argumentis
1221 3264 1314 3309 uerae

199 3511 336 3577 1111111
355 3524 543 3578 nnvcusvs
563 3522 863 3579 vacnurmmnos
883 3524 951 3593 Por,
976 3524 1078 3593 Incipio
1100 3524 1170 3578 noer
1193 3523 1313 3577 eiusdem

160 3616 196 3681 Q.
217 3614 342 3682 Septimii
362 3612 497 3666 Florentia
516 3612 676 3666 Tertulliani
695 3613 825 3666 aduersus
845 3614 1051 3667 Valentinianos
1067 3612 1096 3667 F
1151 3614 1166 3666 7
1186 3612 1313 3667 offucium

160 3703 245 3757 Seno.-
261 3702 380 3755 officium
394 3700 485 3754 Palm
536 3701 854 3767 8adseueraturPMF‚
873 3704 1034 3755 adseruatur
1049 3702 1106 3755 Iura
1158 3702 1191 3755 10
1210 3700 1313 3755 diutius

160 3792 276 3845 initiant
293 3791 355 3844 secl.
369 3789 434 3858 Eup
489 3789 520 3844 11
542 3793 656 3860 epoptas
675 3792 739 3843 ante
754 3790 834 3844 Scol:
854 3794 882 3843 et
899 3796 992 3860 portas
1008 3792 1070 3844 ante
1085 3790 1154 3855 PM,
1174 3793 1202 3844 et
1221 3792 1313 3859 portas

159 3880 193 3934 F
290 3882 404 3948 epoptas
427 3880 485 3932 scil.
505 3880 623 3945 staturos
712 3882 776 3931 ante
795 3903 828 3924 =
849 3886 934 3932 aulea
991 3880 1023 3932 13
1047 3879 1191 3933 uideantur
1213 3878 1309 3945 PMF,

159 3967 292 4022 uidentur
310 3966 379 4021 Scol
437 3971 567 4036 quantum
587 3967 617 4020 F
670 3968 702 4019 15
721 3972 782 4020 tota
800 3968 941 4033 (alteram)
961 3968 991 4021 F
997 3967 1067 4036 Rip:
1086 3971 1130 4020 tot
1148 3968 1209 4020 PM
1268 3984 1313 4020 su-

159 4058 248 4127 spiria
256 4056 448 4125 Rhanapiriae
457 4056 485 4109 P
494 4060 576 4122 (corr.
586 4056 624 4124 R)
634 4056 704 4123 ΜΕ,
715 4057 816 4125 siparIa
826 4056 864 4111 12³
914 4061 1072 4126 epoptarum
1083 4056 1164 4113 Scal:
1175 4060 1311 4125 portarurn

158 4145 256 4200 PMF
290 4146 322 4198 17
337 4144 477 4213 intellege:
494 4144 542 4197 sed
561 4144 707 4213 allegorica
726 4143 878 4213 dispositio,
897 4144 1077 4213 praetendens
1096 4150 1210 4198 naturae
1229 4160 1311 4198 uene·

159 4234 276 4289 mudum
294 4250 402 4300 nomen,
421 4234 593 4302 sacrilegium
612 4232 764 4302 patrocinio
780 4238 889 4287 coactae
904 4234 1006 4302 figurae
1023 4234 1157 4288 obscurat.
1217 4234 1309 4287 18111-

158 4326 255 4379 seruat
272 4322 304 4376 F
357 4323 390 4377 19
408 4321 472 4376 falsi
490 4322 559 4393 Rip·

187 4450 323 4491 xxnvrr.
338 4450 400 4489 'rm
415 4449 458 4490 111.
1246 4427 1275 4479 12
