3250 4959
335 342 410 408 XVI
800 340 1017 397 Praelatio.

334 536 481 622 equidem
506 537 609 603 dicere
632 556 693 603 non
716 535 861 614 audeam,
885 554 958 601 cunr
980 536 1121 605 hicillic
1140 534 1309 603 diuersitas
1327 536 1484 619 quaedam

334 644 509 727 scripturae
528 642 790 727 deprehendatur,
814 661 896 726 quae
913 646 1020 708 umen
1038 661 1100 709 non
1118 661 1157 708 ee
1175 646 1239 723 est,¹
1254 646 1292 709 ut
1307 662 1371 710 non
1388 643 1483 709 inter-

334 750 430 817 uallis
450 748 651 833 'quibusdam
679 750 717 816 ab
746 748 856 815 eadem
880 768 975 815 manu
997 749 1104 814 omnia
1125 748 1246 833 scripta
1267 768 1339 817 esso
1363 750 1483 817 credas.

334 857 436 923 multo
464 857 687 942 neglegentius
716 859 860 921 exaratus
884 859 934 921 est
961 873 1057 938 quem
1078 855 1382 939 Montepessulanus
1410 860 1485 922 eta

333 963 462 1031 librario
498 963 569 1049 ipso
591 964 723 1029 -multis
760 962 840 1029 locis
880 964 1051 1041 correctus,
1088 961 1276 1047 plerumque
1308 961 1484 1030 secundum

335 1070 492 1154 exemplar
511 1069 575 1135 sed
586 1069 746 1135 interdum
760 1069 857 1134 etiam
876 1086 913 1133 er
931 1068 1122 1133 coniectura.
1131 1068 1155 1150 ¹)
1178 1067 1484 1135 emendauitantem

333 1179 496 1261 praeterea
513 1177 598 1243 hunc
617 1176 758 1243 codicem
777 1196 815 1242 ex
831 1176 922 1241 libris
940 1174 1225 1260 Hirsaugiensibus
1243 1175 1364 1258 primus
1383 1176 1491 1243 editor·

334 1284 453 1349 Beatus
471 1282 652 1364 Rhenanus,
677 1284 830 1368 supplens
853 1302 891 1349 er
907 1282 974 1349 illis
993 1282 1123 1365 quaein
1142 1281 1379 1350 Paterniacensi
1396 1282 1484 1349 uide·

335 1390 391 1456 bat
412 1391 533 1457 omissa
554 1394 588 1456 et
609 1390 715 1457 uarias
739 1408 849 1456 eorum
870 1389 1024 1456 lectiones
1047 1389 1102 1455 uel
1124 1408 1221 1472 supra
1238 1407 1351 1455 uersus
1374 1389 1430 1456 uel
1450 1390 1483 1455 in

334 1496 477 1581 margine
505 1496 704 1581 adnotans.¹)
737 1497 782 1562 ita
814 1497 1006 1562 instructum
1034 1495 1177 1562 codicem
1198 1495 1305 1579 ipsum
1328 1495 1484 1563 Frobenio

333 1602 420 1687 typis
438 1602 681 1669 describendum
700 1602 926 1682 commodarit,
949 1622 1045 1686 qnam
1065 1602 1105 1669 ob
1122 1621 1190 1669 rann
1208 1602 1249 1668 ad
1266 1602 1401 1668 uerbum
1419 1602 1485 1699 lere

335 1710 504 1775 concordat
537 1728 611 1775 cum
642 1708 698 1775 illo
722 1708 865 1775 Rhenani
896 1709 1007 1793 prima
1038 1708 1153 1774 artiore
1181 1712 1289 1775 autem
1316 1708 1483 1775 affinitatis

334 1815 464 1882 uinculo
486 1816 652 1882 cohaerere
670 1816 755 1883 hunc
772 1816 891 1882 librum
910 1834 983 1881 cnm
1000 1815 1281 1899 Montepessulano
1300 1835 1394 1900 quam
1411 1834 1485 1881 cum
1604 1842 1607 1846 ’

336 1920 643 2007 Ηίτεειιιςίοιιείὴῐιε,
667 1921 729 1988 etsi
761 1921 801 1986 ad
834 1919 969 1988 eundem
999 1920 1122 1986 fontem
1155 1938 1209 1987 eos
1242 1939 1353 1987 omnes
1383 1920 1485 1987 redire

337 2030 460 2094 centnm
493 2030 552 2105 eat,
586 2046 658 2093 cum
692 2046 729 2093 ex
755 2046 872 2112 magno
901 2029 1151 2110 corruptelarum
1177 2047 1308 2094 numero
1331 2026 1484 2094 librorum

336 2131 413 2199 MP
442 2134 660 2199 communium
692 2137 762 2199 tunn
788 2152 832 2198 ex
863 2135 1048 2199 lacunarum
1075 2132 1244 2199 earundem
1261 2132 1359 2200 ,haud
1386 2152 1485 2218 panno

337 2258 467 2305 numero
501 2239 591 2305 satis·
612 2241 736 2324 liquet*
758 2258 838 2324 quaa
865 2240 899 2305 in
922 2239 1208 2325 Himaugiensibns
1235 2258 1298 2306 non
1324 2240 1426 2307 luisse
1453 2244 1486 2306 et

336 2346 507 2411 Rhenanus
530 2346 624 2412 testis
649 2351 699 2413 eat
717 2354 751 2413 et
769 2347 868 2414 codex
890 2346 1092 2413 Florentinus
1114 2346 1186 2425 El)
1208 2351 1351 2413 ceterum
1369 2352 1486 2429 quanta

337 2451 539 2538 neglegentia
560 2451 739 2537 descriptus
758 2457 809 2520 est
827 2453 1079 2519 Paterniacensis
1101 2453 1243 2519 liber-
1262 2453 1382 2537 passim
1401 2454 1496 2519 enim

337 2559 406 2624 hiat
426 2558 550 2627 lacunis
572 2560 629 2625 ubi
651 2560 953 2644 Montepessolanus
980 2564 1031 2627 est
1056 2561 1180 2643 integer
1201 2593 1246 2617 -r
1267 2563 1357 2624 tanta
1388 2560 1484 2625 etiam

336 2665 515 2750 corrigendi
547 2667 733 2750 exemplaris
764 2685 821 2732 nec
853 2685 915 2731 non
947 2664 1159 2749 interpolandi
1186 2664 1360 2749 audacia⁴)
1392 2667 1485 2731 corri-

338 2908 389 2963 hoc
407 2908 501 2965 codice
520 2926 537 2963 a
553 2926 634 2964 manu
653 2910 708 2965 alia
725 2910 874 2965 recentiore
893 2908 995 2978 scripta
1012 2909 1076 2963 utto
1093 2906 1124 2962 S.
1143 2906 1279 2962 samm
1296 2906 1427 2961 merocli
1439 2908 1488 2975 gut

336 2997 412 3053 stetit
437 3014 521 3069 uesper
548 3000 704 3054 munnam
732 3000 761 3053 et
787 2997 907 3053 narrafio
925 2998 970 3052 'de
991 2997 1083 3053 Dareo
1103 2996 1251 3067 incipiens:
1279 2996 1414 3064 unwan
1435 3012 1488 3066 per

339 3088 472 3144 distortae
490 3088 556 3143 dom
573 3104 735 3159 quaeram.

349 3242 351 3249 Ι
387 3174 406 3245 ¹)
425 3174 481 3233 Ubi
499 3177 529 3230 id
547 3176 650 3233 iactum
670 3180 720 3247 est,
740 3177 919 3249 inapparatu
938 3175 1070 3233 adactam
1088 3192 1156 3233 corr.
1174 3180 1239 3230 nal
1258 3174 1316 3229 siue
1336 3188 1406 3230 corr.
1426 3174 1487 3229 ror.

337 3265 410 3334 ipram
429 3263 534 3319 duobus
554 3266 599 3319 uel
617 3264 705 3321 tribus
723 3266 791 3321 locis
810 3266 992 3323 animaduerti
1012 3265 1093 3321 aliam
1110 3280 1219 3320 manum
1239 3268 1284 3330 (m.
1305 3262 1335 3332 2)
1355 3265 1383 3317 et
1401 3264 1486 3333 ipsam

338 3354 488 3423 antiquam.
917 3417 919 3423 ,

384 3440 406 3513 ²)
427 3440 602 3497 Coniecturae
621 3458 693 3503 anas.
712 3444 786 3513 ipsas
806 3460 914 3513 quoque
930 3444 962 3497 in
979 3444 1102 3511 margine
1120 3442 1239 3509 notatae,
1257 3440 1291 3494 ab
1311 3438 1491 3510 Hirsangicn·

339 3532 410 3587 sium
427 3531 593 3587 lectionibus
612 3532 653 3586 ita
671 3532 797 3586 distinxit
815 3531 971 3594 Rhenanus,
988 3535 1022 3584 ut
1039 3531 1082 3585 bis
1100 3530 1177 3584 alica
1196 3529 1253 3583 illis
1270 3531 1342 3598 sort.
1361 3530 1490 3599 praescri·

340 3620 428 3677 barat.
454 3626 574 3675 ceterum
598 3620 626 3675 in
649 3621 773 3691 margine
796 3620 900 3691 primae
923 3618 1054 3674 editionis
1077 3618 1123 3673 lnic
1144 3618 1202 3671 illic
1224 3617 1352 3687 leguntur
1374 3632 1445 3687 qnae
1462 3616 1492 3671 in

340 3709 546 3775 Paterniacensi
565 3726 620 3765 non
637 3712 826 3781 comparcent3
840 3709 908 3763 hacc
923 3708 1009 3778 igitur
1022 3707 1095 3761 inter
1107 3706 1317 3777 imprimendum
1331 3723 1348 3760 a
1360 3706 1492 3760 Rhenano

339 3796 436 3851 addita
454 3802 526 3853 sunt.

387 3884 408 3953 ⁸)
427 3886 463 3940 cl.
484 3886 600 3957 exempli
619 3888 709 3957 gratia
725 3904 753 3957 p.
772 3888 797 3955 8,
817 3886 860 3941 20.
881 3886 923 3949 13,
942 3887 986 3939 21.
1005 3885 1050 3951 28,
1068 3884 1111 3940 22.
1130 3885 1175 3949 41,
1195 3884 1237 3939 10.
1256 3884 1301 3947 90,
1320 3883 1364 3939 25.
1386 3882 1490 3946 ulan.

386 3974 408 4038 ⁴)
427 3974 468 4029 Er
490 3992 540 4030 suo
564 3975 650 4045 ipsius
675 3974 786 4029 arbitrio
814 3975 955 4029 librarium
984 3972 1084 4028 codicis
1110 3972 1328 4027 Paterniacenais
1355 3971 1493 4041 exemplar

340 4081 418 4119 ouum
438 4064 583 4119 correxisse
601 4064 697 4119 multis
716 4064 784 4118 loeis
801 4080 961 4133 perunum
974 4062 1073 4131 habeo,
1086 4061 1135 4118 nbi
1147 4061 1385 4117 Raterniacensenn
1398 4063 1495 4115 contm

340 4153 576 4224 Montcpesenleni
595 4156 624 4207 et
642 4152 879 4223 Hireangiensium
903 4168 1062 4207 consensum
1086 4151 1175 4206 facere
1200 4148 1291 4218 uideo,
1310 4154 1342 4203 ut
1360 4166 1386 4219 p.
1404 4149 1431 4215 2,
1450 4150 1493 4203 l'l.

341 4244 367 4308 3,
384 4243 465 4309 11.·6,
480 4244 516 4297 12
530 4242 607 4297 eene
622 4242 735 4311 (ubique
754 4241 799 4296 ael
818 4240 968 4311 supplendo
987 4240 1033 4294 uel
1050 4236 1221 4295 emendando
1239 4237 1364 4292 restitnit
1381 4239 1493 4303 aarum).
