3250 4959
314 423 377 487 462
538 420 655 486 Quinti
678 420 821 490 Septimi
839 419 1009 473 Florentio
1027 418 1233 472 Tertulliani

314 635 408 698 qnam
441 616 655 680 maerentibus
690 619 722 680 et
754 615 936 681 dolentibus
964 615 1067 681 fletus.
1098 616 1145 680 ita
1169 619 1291 680 creator
1314 617 1473 680 materias

313 723 397 787 msus
421 726 453 787 et
478 722 570 786 fletus
595 722 780 806 praedicans
804 722 925 787 risuros
948 723 1109 806 plorantes
1133 722 1219 805 prior
1245 721 1337 787 dixit.
1365 723 1474 807 igitur

314 829 368 911 qui
397 847 415 893 a
443 829 657 894 consolatione
685 849 860 913 pauperum
889 833 921 894 et
947 827 1119 893 humilium
1142 833 1175 892 et
1197 828 1415 894 esurientium
1440 833 1474 893 et

314 936 457 1001 flentium
486 955 614 1000 exorsus
644 939 703 1013 est,
732 936 843 1001 statim
872 956 906 1000 se
935 936 1027 1000 illum
1055 939 1290 1017 repraesentare
1319 937 1471 1020 gestiuit‚

315 1062 407 1124 quem
437 1043 711 1108 demonstrauerat
734 1062 790 1124 per
812 1043 956 1107 Esaiam:
985 1043 1148 1124 spiritus
1177 1042 1321 1106 domini
1352 1061 1470 1125 super
1498 1061 1511 1102 a

314 1169 379 1225 me,
407 1153 562 1234 propter
590 1149 688 1232 quod
716 1149 823 1214 unxit
850 1169 904 1214 me
934 1149 977 1215 ad
1006 1149 1348 1234 euangeliaandum
1376 1169 1468 1232 pau-

314 1256 469 1340 peribus
508 1294 551 1302 -
589 1257 689 1322 beati
718 1257 891 1334 mendici,
926 1258 1098 1340 quoniam
1136 1257 1289 1322 illorum
1321 1263 1384 1321 est
1414 1278 1468 1322 re·

315 1384 426 1448 gnum
459 1366 646 1429 eaelorum
671 1388 728 1440 -;
753 1363 862 1428 misit
897 1383 952 1428 me
985 1383 1119 1429 curare
1152 1363 1318 1430 obtritos
1354 1365 1466 1430 eorde

314 1509 358 1517 -
377 1471 481 1535 beati
501 1471 563 1553 qui
584 1471 768 1547 esuriunt,
786 1472 960 1552 qnoniam
980 1471 1255 1536 saturabuntur
1272 1493 1332 1543 -3
1355 1472 1466 1536 aduo-

315 1596 398 1642 care
426 1579 652 1662 languentes
687 1613 729 1623 -
759 1577 862 1641 beati
887 1578 948 1660 qui
973 1579 1135 1660 plorant,
1164 1577 1341 1660 quoniam
1370 1579 1507 1643 ride-1·

315 1685 407 1749 bunt
430 1707 488 1761 -ς
514 1684 599 1749 dare
623 1685 850 1768 lugentibus
870 1684 995 1750 Sionis
1016 1685 1176 1769 gloriam
1196 1687 1234 1748 et
1251 1704 1317 1768 pro
1337 1687 1464 1750 cinere

315 1791 501 1876 unguenti
523 1791 800 1856 iocunditatem
826 1796 862 1855 et
886 1791 1029 1875 gloriae
1047 1791 1218 1856 habitum
1237 1811 1301 1874 pro
1322 1793 1462 1874 spiritu

314 1899 441 1963 taedii.
474 1897 551 1963 haee
584 1898 613 1963 si
641 1899 750 1964 statim
775 1898 934 1963 admissus
960 1898 1105 1964 Christus
1129 1898 1377 1979 administrauit,
1411 1904 1463 1964 aut

314 2005 383 2087 ipse
407 2007 466 2081 est,
491 2005 545 2087 qui
569 2023 603 2070 se
628 2005 666 2070 ad
686 2005 762 2070 haee
782 2009 954 2070 uenturum
972 2004 1177 2087 praedieauit
1201 2007 1257 2070 aut
1275 2005 1303 2069 si
1322 2007 1460 2071 nondum

316 2112 405 2176 uenit
428 2112 481 2194 qui
505 2112 709 2195 praedicauit,
737 2150 776 2160 —
806 2113 951 2191 ridicule,
984 2112 1040 2176 sed
1062 2113 1240 2178 necessarie
1265 2111 1399 2176 dixerim
1422 2149 1462 2158 -
1479 2129 1503 2170 a

315 2219 451 2284 fortasse
475 2218 673 2283 mandauerit
697 2219 824 2286 Christo
848 2219 1028 2284 Marcionis.
1085 2218 1195 2284 Beati
1227 2219 1348 2284 eritis.
1383 2237 1464 2284 oum

319 2345 387 2389 nos
404 2325 487 2390 odio
508 2325 704 2391 habebunt
722 2325 892 2390 homines
913 2330 950 2390 et
969 2325 1248 2410 exprobrabunt
1266 2328 1304 2390 et
1323 2326 1465 2390 eicient

317 2450 448 2496 nomen
473 2437 642 2496 uestrum
666 2434 775 2497 uelut
794 2451 950 2515 nequam
968 2436 1123 2516 propter
1140 2431 1266 2497 filium
1286 2432 1463 2497 hominis.

317 2539 375 2603 hae
398 2540 652 2622 pronuntiatione
677 2539 745 2604 sine
769 2539 866 2605 dubio
889 2540 928 2604 ad
951 2540 1151 2605 tolerantiam
1170 2538 1360 2605 exhortatur.
1388 2538 1463 2622 quid

317 2645 423 2711 minus
447 2649 567 2710 creator
590 2666 644 2730 per
667 2647 816 2712 Esaiam?
840 2666 884 2710 ne
906 2648 1123 2712 metueritis
1148 2645 1396 2729 ignominiam
1420 2646 1462 2710 ab
1479 2663 1501 2701 a

318 2753 534 2817 hominibus
559 2756 596 2817 et
614 2753 903 2819 nullificatione
922 2773 1049 2818 eorum
1067 2772 1110 2818 ne
1129 2752 1358 2816 minuamini.
1383 2771 1463 2835 quae

317 2859 500 2942 ignominia,
530 2879 610 2942 quae
638 2861 848 2925 nullificatio?
877 2879 956 2943 quae
979 2861 1087 2925 futura
1110 2863 1178 2924 erat
1203 2861 1333 2941 propter
1360 2857 1462 2922 filium

318 2966 466 3032 hominis.
490 2986 586 3050 quem
604 2966 724 3033 istum?
749 2968 803 3050 qui
823 2973 873 3032 est
892 2967 1066 3033 seeundum
1085 2970 1266 3032 creatorem.
1290 2964 1375 3029 unde
1395 2983 1463 3049 pro-

318 3073 485 3137 babimus?
524 3093 559 3138 er
596 3075 667 3140 odio
705 3075 737 3139 in
768 3074 876 3158 ipsum
910 3093 1035 3157 quoquo
1066 3073 1259 3158 praeditam,
1291 3071 1377 3136 sieut
1408 3091 1465 3153 per

318 3181 445 3246 Esaiam
460 3181 498 3245 ad
514 3185 659 3246 auctores
676 3181 740 3246 odii
755 3181 903 3248 ludaeos:
923 3185 1077 3264 propter
1096 3199 1162 3246 uos
1177 3179 1463 3262 blasphematur
1478 3195 1502 3236 u

319 3307 449 3353 nomen
472 3307 592 3352 meum
616 3289 651 3353 in
677 3289 909 3366 nationibus,
934 3293 965 3354 et
989 3289 1079 3354 alibi:
1108 3287 1253 3353 sancite
1278 3305 1370 3363 eum,
1401 3286 1463 3369 qni

320 3395 609 3462 eircumsoribit
633 3397 789 3461 animam
816 3415 931 3474 snam,
961 3397 1022 3479 qni
1046 3397 1332 3478 aspernamento
1357 3393 1463 3457 habe·

319 3506 380 3566 tur
413 3521 431 3564 a
463 3502 696 3580 nationibus
729 3501 885 3568 famulis
919 3507 955 3566 et
987 3501 1290 3587 magistratibus.
1319 3501 1348 3564 si
1381 3499 1462 3564 enim

408 3747 505 3815 6-66]
526 3746 570 3804 ss.
590 3749 632 3814 or,
654 3748 729 3802 1-3.
769 3749 794 3816 n
814 3746 912 3800 naon.
932 3748 956 3813 6,
975 3747 1000 3799 6.
1022 3747 1096 3808 (nuc.
1117 3746 1141 3812 6,
1157 3745 1211 3815 66.)
1248 3745 1274 3812 a]
1293 3743 1360 3799 reue.
1379 3744 1406 3808 6,
1420 3743 1460 3795 6ι.

321 3835 363 3903 ro]
378 3835 415 3888 io.
454 3837 495 3905 66]
515 3836 579 3890 nuc.
596 3837 620 3904 6,
636 3836 678 3889 aa.
716 3837 759 3904 20]
775 3837 819 3890 ss.
835 3837 878 3896 66,
894 3835 919 3888 7.
956 3836 1000 3904 666
1015 3834 1060 3888 ss.
1075 3835 1118 3898 66,
1132 3835 1157 3888 6.
1172 3833 1250 3887 nom.
1264 3834 1289 3897 2,
1304 3833 1348 3885 24.
1385 3831 1431 3899 66]
1449 3830 1461 3884 a

356 3978 371 4030 3
392 3977 438 4045 qui
457 3977 562 4046 alde,
583 3978 646 4047 quia
660 3977 702 4044 M,
723 3995 775 4049 qua
789 3977 829 4032 R¹
868 3979 898 4031 ll
914 3977 1072 4048 lugentibus
1086 3976 1119 4028 M
1134 3977 1176 4042 (in
1191 3992 1246 4030 rae.
1262 3991 1281 4027 a
1295 3991 1329 4026 m.
1344 3976 1369 4039 1)
1435 3978 1462 4025 et

321 4081 370 4118 om.
391 4066 462 4118 Pom
550 4068 582 4120 16
601 4068 772 4121 mandauerit
791 4068 829 4120 M
845 4067 1002 4132 (nnandain
1021 4083 1076 4120 rua.
1097 4083 1115 4119 a
1134 4081 1168 4118 m.
1187 4066 1213 4133 1)
1296 4063 1329 4117 18
1348 4077 1461 4131 nequam

320 4155 362 4218 M,
386 4157 485 4209 malum
504 4155 626 4226 Raollyo
717 4158 750 4211 19
775 4161 912 4210 exortatur
930 4155 968 4209 M
1058 4155 1210 4209 meorum
1232 4153 1267 4207 R.
1291 4167 1381 4205 earum
1404 4147 1465 4203 MF

320 4245 355 4297 ‘24
375 4259 405 4297 er
424 4244 486 4298 odio
505 4247 604 4312 scripsi
622 4247 667 4313 (cf.
690 4248 810 4312 6661).-
830 4245 932 4300 excidio
947 4245 1010 4298 MR
1063 4244 1097 4298 25
1118 4241 1173 4296 odii
1193 4257 1244 4296 om.
1260 4239 1299 4295 1³¹
1349 4239 1384 4292 ’26
1404 4255 1460 4293 san·

321 4332 374 4385 cite
393 4331 428 4393 R,
448 4333 564 4386 sanctita
583 4331 647 4385 MF
700 4335 734 4386 El
758 4327 855 4386 ³odiu1n
879 4326 953 4385 ’enim
973 4331 1009 4383 M
