3250 4959
345 447 409 509 452
575 442 693 505 Quinti
713 443 855 511 Septimi
875 441 1047 495 Florentis
1066 441 1273 498 Tertulliani

345 658 417 701 nam
442 644 474 701 et
497 639 606 702 uiuum
631 658 749 702 nouum
774 638 801 702 is
825 657 887 701 nou
911 637 1084 702 committit
1105 638 1137 700 in
1161 641 1285 701 ueteres
1310 642 1413 713 utres,
1445 636 1500 717 qui

344 764 402 809 nec
435 749 559 809 ueteres
588 748 679 808 utres
708 744 864 816 babuerit,
898 750 931 807 et
961 764 1081 809 nouum
1113 742 1369 807 additamentum
1402 762 1498 807 nemo

343 852 434 917 inicit
457 852 558 915 ueteri
582 852 787 928 uestimento
815 851 878 914 nisi
902 852 952 914 cui
976 870 1036 915 non
1061 850 1196 915 defuerit
1219 858 1251 914 et
1273 857 1371 914 uetus
1395 850 1497 913 uesti-

344 964 496 1023 mentum.
516 959 570 1022 ilfe
593 978 654 1023 non
678 958 756 1022 facit
780 959 867 1041 quid,
896 959 924 1021 si
946 957 1125 1022 faciendum
1149 976 1211 1021 non
1235 964 1295 1022 est.
1320 958 1379 1037 qui
1401 957 1496 1036 (non)

343 1064 467 1142 babeat,
493 1065 575 1129 uude
599 1064 705 1140 faciat,
726 1064 753 1128 si
777 1063 958 1128 faciendum
982 1068 1077 1127 esset.
1099 1064 1207 1144 itaque
1232 1062 1315 1127 siin
1340 1063 1404 1127 boc
1421 1062 1494 1126 diri-
1522 1085 1534 1121 a

344 1171 440 1255 gebat
472 1171 724 1248 similitudinem,
762 1179 798 1233 ut
832 1170 1012 1234 ostenderet
1049 1190 1083 1234 se
1120 1169 1278 1253 euangelii
1316 1170 1492 1233 nouitatem

343 1298 486 1361 separare
511 1296 529 1341 a
547 1278 627 1361 legis
647 1281 821 1351 uetustate,
837 1297 936 1341 suam
956 1277 1195 1341 demonstrabat
1217 1281 1250 1340 et
1265 1275 1370 1348 illam,
1395 1296 1492 1358 aqua

341 1386 519 1467 separabat.
544 1386 717 1449 alienorum
743 1385 899 1466 separatio
919 1404 978 1449 nou
998 1384 1114 1447 fuisset
1131 1383 1278 1452 notanda.
1304 1384 1383 1465 quia
1401 1404 1490 1448 uenio

343 1492 453 1555 alienis
478 1511 536 1555 sua
560 1491 716 1574 adiungit,
746 1495 783 1555 ut
810 1491 849 1555 ab
879 1490 988 1555 alienis
1017 1509 1161 1571 separare
1188 1492 1300 1572 possit.
1332 1492 1489 1573 separatio

343 1618 399 1680 per
423 1598 677 1662 coniunctionem
703 1598 798 1681 capit,
824 1598 861 1661 de
886 1618 947 1679 qua
969 1596 1015 1661 fit.
1039 1598 1085 1661 ita
1109 1616 1189 1678 quae
1212 1597 1384 1679 separabat
1407 1605 1439 1661 et
1458 1598 1488 1660 in
1505 1611 1528 1649 n

342 1724 404 1768 uno
430 1706 618 1769 ostendebat
641 1705 751 1781 fuisse,
778 1706 863 1769 sicut
887 1711 918 1769 et
941 1705 1087 1781 fuissent,
1112 1704 1224 1767 sinon
1253 1712 1428 1785 separaret.
1458 1719 1487 1767 et

341 1816 457 1887 tamen,
484 1812 509 1875 si
535 1810 736 1875 concedimus
762 1811 992 1893 separationem
1015 1811 1120 1888 istam,
1143 1828 1199 1891 per
1221 1810 1485 1878 reformationem.

341 1938 396 2001 per
423 1918 676 2001 amplitudinem,
704 1938 760 1999 per
787 1918 973 1999 profectum.
1007 1918 1092 1981 sicut
1123 1917 1246 1981 fructus
1279 1924 1486 1999 separatura

342 2026 472 2101 semine,
494 2044 566 2088 cum
586 2026 629 2088 sit
647 2025 769 2088 fruetus
790 2044 825 2087 er
845 2024 975 2094 senrine.
995 2024 1041 2088 sic
1062 2029 1093 2087 et
1107 2024 1308 2107 euangelium
1325 2035 1487 2106 separatur

342 2154 359 2195 a
378 2134 458 2216 lege.¹
480 2132 555 2195 dum
575 2132 761 2214 prouehitur
780 2130 915 2214 exlege,
936 2131 1022 2194 aliud
1041 2130 1079 2195 ab
1098 2130 1165 2208 illa,
1185 2130 1524 2195 sednonalienum.1⁸

341 2239 513 2311 diuersum,
539 2237 594 2301 sed
618 2257 677 2301 non
703 2238 905 2301 contrarium.
929 2256 986 2301 uec
1009 2238 1110 2302 forma
1132 2238 1286 2301 sermonis
1310 2237 1342 2301 in
1363 2238 1486 2303 Christo

340 2364 433 2408 noua.
468 2364 539 2407 cum
570 2332 796 2407 similitudines
826 2344 933 2420 obicit,
962 2364 1035 2407 cunr
1064 2345 1267 2425 quaestiones
1295 2345 1428 2423 refutat,
1451 2345 1486 2409 de

341 2450 578 2532 septuagesimo
611 2451 780 2533 (septimo)
812 2450 901 2514 uenit
933 2450 1072 2533 psalmo:
1105 2451 1280 2533 aperiam,
1308 2450 1425 2534 inquit,
1453 2452 1485 2515 in

341 2556 556 2638 parabolam
587 2576 626 2621 os
651 2575 780 2634 meum,
809 2557 842 2620 id
867 2567 915 2620 est
939 2556 1196 2630 similitudinem
1226 2559 1385 2638 eloquar
1412 2578 1485 2641 pro-

340 2664 517 2727 blemata.
547 2662 579 2725 id
603 2667 652 2727 est
676 2662 848 2726 edisseram
873 2664 1084 2743 quaestiones.
1116 2664 1142 2727 si
1170 2663 1330 2728 hominem
1357 2664 1519 2728 alteriusa
1609 2657 1610 2734 i

341 2770 445 2853 gentis
460 2768 590 2851 probare
607 2768 771 2846 uoluisset,
786 2770 896 2851 utique
913 2769 950 2833 de
966 2770 1158 2851 proprietate
1171 2769 1317 2852 loquelae
1332 2771 1485 2851 probaret.

388 2879 439 2940 12.
464 2876 511 2939 De
540 2876 671 2940 sabbato
701 2895 827 2957 quoque
850 2875 931 2939 iilud
954 2877 1134 2959 praemitto,
1164 2896 1222 2940 nec
1244 2876 1324 2941 bano
1350 2878 1485 2959 quaesti·

340 3004 431 3046 onem
459 2983 631 3047 consistere
660 2983 814 3065 potuisse,
848 2984 876 3047 si
904 3002 964 3046 nou
993 2983 1088 3047 deum
1116 2982 1238 3047 sabbati
1271 2983 1485 3047 circumferret

341 3090 496 3155 Ciuistus
521 3108 578 3152 uec
603 3090 685 3153 enim
709 3089 950 3171 disceptaretur,
975 3109 1031 3153 eur
1053 3090 1231 3154 destrueret
1253 3089 1436 3157 sabbatum.
1460 3091 1483 3153 si

340 3196 500 3260 destruere
521 3195 658 3259 deberet.
678 3215 769 3277 porro
786 3196 948 3259 destruere
968 3196 1106 3268 deberet,
1127 3196 1153 3259 si
1169 3196 1299 3261 alterius
1319 3196 1371 3260 dei
1390 3205 1482 3270 esset,
1497 3208 1518 3248 ὃ

340 3322 395 3366 nec
421 3302 587 3384 quisquam
612 3303 778 3366 miraretur
800 3303 967 3366 facientem
992 3303 1076 3384 quod
1099 3302 1147 3367 illi
1166 3304 1372 3386 congruebat.
1395 3306 1483 3367 mira·

339 3410 453 3473 bantur
477 3428 562 3491 ergo.
588 3408 662 3489 quia
685 3428 745 3471 uon
770 3411 963 3491 congruebat
981 3410 1028 3471 iffi
1049 3410 1142 3472 deum
1162 3420 1333 3475 creatorem
1354 3412 1483 3475 circum·

429 3566 455 3635 1]
478 3564 510 3617 ef.
530 3564 592 3617 Luc.
614 3566 638 3625 5,
659 3564 773 3617 36-37.
831 3566 875 3632 ld]
896 3564 939 3621 l’s.
961 3566 1003 3629 71,
1023 3566 1047 3617 2.
1103 3566 1148 3635 22]
1170 3566 1203 3619 cf.
1223 3567 1286 3620 Luc.
1307 3567 1433 3628 6‚1-.3.

377 3688 493 3748 11th
512 3687 627 3741 11112Ιίι
666 3690 750 3741 2uec
765 3688 843 3757 Eup:
863 3696 890 3742 et
904 3690 965 3743 MR
1019 3689 1340 3757 babueritMR‚<nou>
1358 3691 1482 3745 babuerit

340 3777 392 3831 Get
410 3778 509 3846 refr'qui
562 3780 690 3845 4<non>
708 3778 808 3831 babeat
827 3778 867 3833 ed.
886 3778 1052 3846 dispiciens:
1071 3778 1172 3832 habeat
1190 3778 1252 3833 MR
1306 3779 1323 3832 8
1342 3782 1481 3849 separabat

337 3868 486 3920 alienorum
497 3866 580 3933 uarfpo
631 3866 1369 3936 separatioscripsi:scparationedf.separationemR
1419 3870 1481 3923 fuis·

337 3963 381 4006 set
390 3954 510 4007 uortenda
518 3955 560 4021 M,
572 3955 654 4007 fuisse
666 3954 812 4007 notandam
821 3954 848 4007 R
858 3956 988 4023 (notanda
998 3956 1028 4009 F
1029 3973 1038 4023 p
1075 3956 1108 4009 10
1118 3956 1159 4008 ita
1169 3972 1238 4024 quae
1247 3956 1311 4010 Urs:
1322 3958 1481 4027 itaqueMR

340 4044 372 4096 12
388 4044 410 4095 si
420 4044 456 4110 R,
467 4046 505 4097 sic
516 4044 551 4096 Μ
559 4044 641 4111 (Erip)
697 4043 777 4095 istam
793 4044 945 4112 peracutum,
960 4044 1054 4097 istam:
1070 4044 1191 4113 perEnp
1228 4046 1261 4101 13
1276 4062 1324 4114 per
1334 4048 1480 4115 profectum

339 4134 407 4194 (scit.
420 4132 609 4237 concedimus).
621 4135 691 4187 sicut
700 4132 810 4199 scripsi:
822 4134 1036 4203 permodestum,
1048 4135 1118 4187 sicut
1127 4136 1211 4204 urctpo
1250 4136 1282 4189 18
1291 4136 1409 4205 septimo
1419 4136 1478 4189 odd.

338 4248 410 4301 Pom
449 4249 480 4301 19
491 4250 659 4317 proplenrata
670 4248 704 4301 M
744 4252 775 4304 21
793 4248 1478 4320 uoluisset—probaretEnpsuoluisses—probares

339 4336 400 4389 MR
454 4338 488 4389 ‘23
509 4340 628 4407 potuisse
652 4339 717 4392 cer.-
738 4341 873 4408 potuisses
891 4338 954 4393 Mla
1026 4339 1105 4393 deum
1123 4340 1195 4403 MR,
1215 4340 1353 4394 domiuum
1371 4340 1442 4393 Pom
