3250 4959
341 350 407 411 244
567 343 684 409 Quinti
704 343 845 414 Septimi
865 342 1037 409 Florentia
1058 342 1265 396 Tertulliani

342 540 487 604 Esaiam:
507 558 599 604 ecoe
620 538 741 603 iilius
757 558 880 616 meus,
899 558 1012 621 quem
1033 538 1150 622 elegi,
1172 538 1493 614 dilectusmeus,

343 646 382 709 iu
407 665 521 728 quem
546 647 645 710 bene
670 645 799 721 sensi3
824 663 968 726 ponam
993 644 1186 724 spiritum
1216 663 1340 709 meum
1369 665 1494 728 super

344 753 487 834 ipsum,
512 756 552 817 et
574 752 780 816 iudicium
808 751 1050 816 nationibus
1078 750 1352 816 adnuntiabit.
1381 754 1493 834 accipe

345 865 377 925 et
400 860 439 924 ad
462 861 583 942 ipsum:
612 879 783 943 magnum
812 858 887 923 tibi
912 862 980 935 est,
1005 862 1046 923 ut
1069 859 1221 923 noceria
1249 859 1359 923 tilius
1387 879 1493 923 meus

345 967 388 1031 ad
408 966 630 1031 statuendas
649 966 773 1031 tribus
794 966 905 1031 Iacob
922 966 1017 1030 etad
1037 966 1330 1031 conuertenoam
1350 966 1494 1048 disper·
1522 990 1532 1027 s

346 1076 488 1140 sionem
517 1073 716 1150 Israhelis3
743 1074 854 1155 posui
878 1078 914 1137 te
938 1074 975 1137 in
997 1074 1120 1138 lucem
1144 1073 1350 1150 nationum,
1374 1078 1416 1137 ut
1442 1074 1493 1137 sis

346 1181 450 1246 salua
478 1181 514 1245 in
544 1185 748 1246 extremum
778 1184 910 1245 terrae.
941 1180 1048 1263 accipe
1076 1198 1159 1244 nunc
1188 1184 1222 1244 et
1243 1180 1302 1244 filii
1330 1199 1428 1245 uoces
1458 1180 1494 1242 de

345 1293 449 1371 patre:
474 1288 637 1371 spiritus
662 1287 802 1352 domini
828 1306 1028 1369 superma,
1053 1291 1286 1368 quapropter
1308 1288 1415 1351 unxit
1441 1306 1495 1351 me

346 1395 389 1459 ad
410 1394 750 1479 euangelizandum
771 1394 998 1459 hominibus.
1014 1395 1090 1457 item
1111 1393 1149 1456 ad
1166 1393 1334 1475 patremin
1353 1395 1494 1475 psalmo:

346 1502 411 1565 dee
436 1500 596 1578 domine,
620 1520 663 1564 ne
687 1500 939 1582 dereliqueris
960 1520 1024 1578 me,
1045 1499 1161 1564 donec
1182 1499 1395 1564 adnuntiem
1417 1500 1495 1563 hra-
1514 1522 1531 1557 n

347 1607 473 1671 chium
507 1611 613 1670 tuum
645 1606 845 1671 natiuitati
879 1607 1082 1671 uniuersae
1115 1611 1314 1681 uenturae;
1352 1607 1430 1671 item
1465 1606 1493 1667 in

349 1714 428 1798 alio:
457 1713 614 1789 domine,
644 1713 732 1793 quid
760 1714 1013 1794 multiplicati
1043 1716 1131 1778 sunt
1154 1713 1217 1795 qui
1242 1712 1495 1796 comprimunt

346 1823 423 1883 me?
466 1819 522 1883 sed
560 1823 592 1883 et
629 1838 736 1884 omues
769 1840 867 1901 paene
899 1822 1025 1902 psalmi,
1058 1820 1146 1902 (qui)
1179 1818 1297 1885 Christi
1330 1838 1495 1903 personam

347 1927 517 2004 sustinent,
541 1925 643 1989 filium
667 1925 706 1989 ad
730 1930 851 2007 patrem
879 1922 922 2012 [id
946 1932 995 1991 eet
1019 1926 1180 1992 Christum
1206 1922 1375 2013 addeum]
1400 1926 1495 1990 uerba

347 2033 514 2097 facientem
534 2036 778 2115 repraesentant.
799 2033 1015 2098 animaduerto
1036 2034 1131 2097 etiam
1146 2034 1293 2115 spiritum
1313 2034 1492 2114 loquentem
1513 2057 1530 2091 a

349 2160 386 2203 ex
409 2140 504 2203 tertia
527 2158 660 2221 persona
683 2139 722 2203 de
745 2143 835 2223 patro
860 2144 892 2203 et
915 2140 995 2204 filio:
1025 2140 1121 2208 dixit
1144 2139 1317 2204 domiuus
1347 2138 1494 2202 domiuo

348 2264 444 2309 meo:
469 2244 558 2309 sede
583 2244 626 2308 ad
650 2246 841 2310 dexteram
865 2266 991 2322 meam,
1021 2246 1134 2310 donec
1162 2264 1293 2327 ponam
1317 2245 1491 2309 inimicos

349 2355 441 2416 tuos
462 2352 688 2415 scabellum
707 2353 851 2434 pedum
872 2356 1045 2427 tuorum,
1064 2352 1141 2415 item
1160 2372 1216 2435 per
1235 2352 1378 2415 Esaiam:
1398 2350 1492 2415 haee

349 2458 454 2522 dicit
478 2457 664 2521 dominus
690 2458 848 2523 domino
873 2478 956 2523 meo
982 2458 1158 2534 Christo,
1184 2459 1260 2522 item
1280 2477 1338 2539 per
1361 2457 1492 2522 eundem

349 2566 388 2629 ad
426 2567 548 2647 patrem
587 2563 625 2628 de
662 2564 743 2630 tilio:
782 2564 950 2643 domine,
990 2564 1079 2647 quis
1118 2564 1296 2629 credidit
1332 2562 1528 2628 audituie

349 2674 501 2740 nostro,
540 2674 579 2735 et
614 2670 830 2736 brachium
862 2672 1013 2736 domiui
1052 2671 1114 2735 oui
1147 2670 1377 2736 reuelatum
1412 2675 1492 2735 est?

350 2778 689 2842 adnuntiauimus
710 2777 754 2842 de
773 2778 868 2843 illo:
895 2777 1235 2861 sioutpuerulus,
1256 2776 1493 2842 sioutradin

349 2886 387 2947 in
409 2887 518 2948 terra
538 2884 716 2961 sitienti,
742 2894 780 2949 et
803 2904 877 2949 nou
898 2888 984 2949 erat
1002 2886 1134 2949 forma
1153 2885 1241 2950 eius
1266 2902 1336 2948 uec
1355 2884 1493 2968 gloria.

349 2992 427 3055 haec
451 3010 552 3074 pauoa
581 2991 619 3055 de
647 2992 768 3056 multis.
799 3010 855 3057 nec
884 2994 968 3056 enim
1003 2992 1199 3057 adfectamus
1228 2992 1395 3056 uniuersas
1424 2990 1493 3055 scri-

349 3101 460 3180 pturas
477 3099 636 3176 euoluere,
652 3117 724 3162 cum
740 3099 817 3163 etin
836 3099 971 3183 singulis
988 3098 1137 3181 capitulis
1148 3099 1389 3181 <sunt)plenam
1404 3098 1493 3161 maie·
1509 3120 1529 3157 a

351 3206 466 3268 statem
496 3207 528 3267 et
555 3204 777 3269 auctoritatem
806 3208 1031 3270 contestantes.
1055 3206 1205 3269 maiorem
1235 3224 1443 3289 congressum
1467 3204 1494 3265 iu

442 3447 594 3516 nasae,
616 3448 638 3500 1.
711 3448 909 3516 alanino.
984 3448 1012 3517 a]
1037 3448 1081 3501 as.
1101 3448 1143 3515 or,
1165 3450 1187 3500 1.
1264 3446 1494 3517 reprecans.

353 3537 397 3604 ιε]
419 3537 461 3589 as.
482 3537 506 3591 3.
526 3538 550 3588 2.
607 3536 797 3605 ropraroa,
820 3540 842 3589 1.
900 3538 944 3606 rs]
966 3538 1008 3591 aa.
1029 3539 1072 3598 45,
1093 3540 1116 3590 1.
1171 3538 1218 3605 ao]
1237 3536 1284 3589 ns.
1303 3537 1346 3599 aa,
1368 3537 1444 3591 1-2.

387 3714 404 3765 9
419 3711 658 3780 euangelizanduuu
673 3711 916 3781 pauperibussorl.
931 3716 976 3782 (cf.
993 3714 1059 3767 odic.
1074 3714 1165 3768 More.
1182 3712 1213 3779 V,
1228 3715 1274 3779 14)
1347 3710 1380 3763 ad
1394 3716 1494 3780 patrem

351 3802 380 3854 in
400 3800 503 3868 psalmo
522 3800 592 3857 MF.
612 3802 639 3852 in
658 3801 762 3868 psalmo
782 3800 817 3855 ad
836 3808 939 3871 patrem
959 3803 987 3855 P
995 3805 1077 3871 uideo
1142 3802 1174 3855 10
1194 3802 1243 3855 dee
1263 3802 1371 3853 dominc
1388 3798 1495 3868 scripsi:

353 3890 386 3941 de
410 3888 503 3941 eodem
526 3889 623 3957 PMF,
649 3888 756 3943 domine
779 3892 843 3959 Eup
933 3890 1109 3961 dereliqueris
1132 3892 1167 3957 R,
1193 3890 1389 3959 ‹lereliuqueris
1413 3886 1498 3941 l’lll'

355 3980 387 4031 13
407 3978 453 4045 qui
472 3978 538 4033 aeid.
562 3978 690 4032 Oet-ierus
741 3982 773 4033 14
789 3981 816 4032 id
832 3984 874 4034 est
889 3980 1027 4035 Christum
1043 3980 1076 4035 od
1092 3983 1171 4034 deum
1190 3980 1303 4043 seclusi;
1322 3978 1420 4031 dement
1434 3979 1496 4030 haer

353 4068 540 4121 cambeotium
560 4070 592 4122 in
610 4070 769 4134 PtaddR
788 4087 821 4123 eu
838 4070 1047 4139 Hiraoupiensr)
1115 4072 1145 4124 17
1172 4068 1291 4123 dextram
1318 4068 1344 4120 P
1406 4068 1441 4120 20
1466 4064 1495 4119 ad

354 4170 459 4225 patrem
484 4155 517 4210 de
540 4157 596 4210 tilio
620 4173 672 4212 om.
696 4158 724 4211 P
746 4159 822 4227 (odd.
847 4160 874 4213 R
899 4177 932 4213 ec
950 4160 1158 4228 Hirsonffl'eneil
1177 4158 1212 4211 Μ
1266 4156 1299 4209 25
1319 4161 1383 4209 sunt
1402 4154 1498 4208 addidi

354 4245 388 4297 26
409 4248 593 4298 contestantes
612 4247 739 4300 maiorem
759 4248 843 4315 culpo
