3250 4959
364 390 429 455 262
592 384 709 451 Quinti
730 386 873 456 Septimi
892 385 1065 440 Florentio
1084 385 1289 440 Tertulliani

365 583 534 648 extendens
558 600 618 646 non
643 583 732 646 sotus
756 581 905 658 extendit,
929 581 991 644 nisi
1013 580 1070 645 illa
1092 580 1223 658 ratione,
1248 599 1309 663 qua
1326 580 1376 663 <a>
1396 582 1512 645 ceteris

364 689 463 755 solus.
482 693 577 772 atque
596 689 673 753 adeo
694 689 803 754 statim
824 688 862 752 de
882 689 947 754 tilio
967 689 1123 771 loquitur:
1145 688 1229 769 qnia
1249 687 1348 752 alins
1367 687 1512 753 deiecit

365 796 473 880 signa
486 794 812 877 nentriloquorum
829 798 866 859 et
881 794 1140 860 diuinationes
1157 814 1174 858 a
1189 794 1310 875 eorde,
1331 801 1509 859 auertens

365 902 558 986 sapientes
592 905 798 967 retrorsum
833 906 869 966 et
902 903 1103 967 eonsilium
1142 921 1268 967 eorum
1305 901 1510 966 infatuans.

365 1009 508 1074 sistens
535 1010 651 1074 uerba
677 1008 754 1073 filii
784 1009 864 1073 sui?
896 1009 1028 1074 dicendo
1058 1008 1194 1074 scilieet:
1219 1008 1280 1073 hie
1314 1011 1371 1072 est
1400 1008 1511 1072 iilius
1539 1032 1550 1070 s

364 1135 469 1180 meus
498 1116 676 1192 dilectus,
710 1116 807 1180 huno
837 1116 974 1180 audite.
1006 1116 1052 1179 ita
1080 1115 1181 1179 tilium
1214 1117 1410 1198 subiungens
1442 1116 1511 1197 ipso

363 1223 587 1306 interpretator
614 1225 673 1300 est,
707 1223 865 1304 quomodo
900 1225 1023 1287 eaelum
1052 1221 1140 1287 solus
1168 1221 1352 1300 extenderit,
1387 1222 1512 1286 soilioor

364 1345 438 1392 oum
465 1328 529 1393 filio
558 1329 657 1405 solue,
691 1330 776 1394 siout
804 1349 877 1394 oum
909 1329 975 1395 filio
1008 1348 1117 1395 unum.
1148 1328 1278 1412 proinde
1307 1332 1338 1394 et
1365 1327 1422 1392 dlii
1452 1329 1512 1392 erit

362 1454 438 1500 nor:
469 1435 619 1500 extendi
648 1438 791 1500 eaelum
816 1436 932 1500 solus.
962 1436 1036 1518 qnia
1060 1453 1204 1499 sennone
1229 1434 1309 1498 caeli
1333 1433 1511 1498 confirmati

364 1547 448 1620 sunt,
477 1542 553 1624 quia
575 1542 688 1625 sophia
709 1543 742 1606 in
766 1561 911 1608 sermone
940 1541 1115 1606 adsistente
1139 1545 1283 1623 paratum
1314 1545 1363 1606 est
1386 1541 1509 1606 eaelum
1527 1567 1549 1603 a

363 1651 397 1713 et
420 1649 526 1713 omnia
547 1668 603 1731 per·
626 1669 803 1716 sermonem
828 1655 902 1714 sunt
924 1650 1019 1726 faeta,
1049 1649 1204 1732 competit
1226 1653 1259 1712 et
1281 1647 1379 1712 filiurn
1406 1647 1509 1711 sotum

364 1753 545 1820 extendisse
577 1755 712 1834 eaelum,
751 1757 805 1838 qui
842 1756 930 1821 solus
965 1755 1139 1839 operationi
1174 1756 1274 1837 patris
1306 1753 1508 1818 ministrauit.

365 1860 451 1924 idem
480 1862 540 1926 erit
568 1863 689 1928 dicens:
724 1882 791 1947 ego
822 1865 977 1946 primus,
1008 1865 1045 1927 et
1072 1863 1108 1925 in
1138 1863 1415 1945 supernantura
1442 1877 1507 1942 ego
1605 1887 1606 1954 3

366 1987 455 2033 sum.
489 1969 628 2052 primum
661 1970 786 2034 scilieet
819 1970 960 2034 omniurn
993 1987 1110 2034 sermo:
1144 1969 1179 2031 in
1212 1967 1397 2052 principio
1431 1978 1507 2028 erat

363 2092 496 2152 sermo,
524 2075 556 2139 in
580 2093 642 2158 quo
665 2075 820 2158 principio
846 2075 987 2157 prolatus
1011 2077 1140 2158 epatre
1164 2077 1223 2138 est.
1253 2076 1390 2138 ceterum
1419 2079 1508 2156 pater
1524 2097 1545 2134 :a

365 2199 426 2244 non
450 2181 570 2244 habens
593 2181 731 2260 initium,
755 2186 792 2246 ut
816 2200 834 2245 a
857 2181 943 2247 nullo
967 2182 1121 2264 prolatus,
1146 2185 1181 2244 nt
1200 2179 1337 2259 innatus,
1356 2180 1506 2262 (primus)

364 2303 425 2350 non
448 2287 556 2368 potest
577 2285 691 2350 uideri.
715 2287 770 2369 qui
794 2287 882 2352 solus
906 2286 968 2350 fuit
988 2303 1119 2368 semper,
1144 2285 1283 2351 ordinem
1308 2286 1422 2351 habere
1446 2305 1505 2348 non

365 2392 480 2474 potuit.
509 2392 608 2477 igitur
637 2393 665 2457 si
692 2396 857 2476 propterea
885 2393 1019 2457 eundem
1047 2397 1078 2457 et
1107 2395 1227 2476 patrem
1257 2395 1289 2456 et
1316 2391 1416 2456 tilium
1445 2411 1505 2456 ore

363 2497 503 2563 dendnm
525 2502 730 2582 putauerunt,
754 2503 791 2564 ut
813 2519 913 2564 unum
933 2499 1027 2564 deum
1046 2498 1217 2578 uindicem,
1238 2500 1348 2565 saluus
1368 2503 1418 2564 est
1435 2499 1504 2562 unio

366 2603 436 2668 eius
465 2605 530 2688 qni,
560 2625 632 2669 oum
661 2606 826 2684 situnne,
859 2607 974 2670 habeat
1006 2608 1038 2669 et
1067 2603 1178 2680 filiurn,
1212 2625 1313 2688 aeque
1342 2611 1373 2669 et
1403 2605 1535 2688 ipsums

362 2710 484 2776 eisdem
513 2712 679 2796 seripturis
708 2713 979 2795 comprehensum.
1013 2713 1042 2776 si
1071 2711 1168 2776 tilium
1197 2712 1310 2778 nolunt
1337 2711 1505 2778 seeundum

364 2838 383 2882 a
411 2822 501 2902 patre
528 2820 678 2902 reputari,
707 2840 746 2884 ne
775 2821 935 2884 secundus
965 2819 1045 2885 duos
1073 2819 1170 2883 faeiat
1198 2819 1273 2884 deos
1302 2819 1376 2896 diei,
1408 2822 1505 2884 osten·

362 2925 471 2989 dimus
496 2925 591 2990 etiam
612 2925 692 2990 duos
717 2927 791 2992 deos
811 2928 842 2991 in
868 2927 1025 3010 seriptum
1047 2925 1165 2990 relatos
1189 2928 1221 2990 et
1245 2925 1325 2990 duos
1350 2924 1504 2990 dominos:

362 3037 397 3096 et
426 3035 530 3096 tamen
557 3052 595 3096 ne
629 3033 666 3097 de
699 3034 762 3098 isto
796 3033 1093 3111 scandalizarentur,
1122 3033 1278 3097 rationem
1305 3032 1506 3108 reddidimus,

362 3157 428 3220 qna
451 3158 512 3203 non
537 3138 580 3202 dii
609 3139 671 3204 dno
696 3139 841 3205 dieantur
864 3159 920 3204 nee
941 3139 1069 3218 domini,
1094 3138 1150 3204 sed
1174 3157 1235 3222 qua
1258 3141 1402 3222 pateret
1425 3138 1505 3202 filius

363 3245 439 3322 duo,
464 3249 497 3310 et
523 3245 584 3310 hoo
612 3265 671 3311 non
700 3266 736 3312 ex
764 3247 961 3329 separatione
991 3246 1199 3325 substantiae,
1228 3245 1284 3310 sed
1313 3265 1350 3311 er
1377 3245 1505 3328 disposi-

362 3353 461 3427 tione,
487 3371 558 3418 eum
582 3352 786 3418 indiuiduum
811 3359 843 3418 et
866 3353 1080 3435 inseparatum
1104 3353 1205 3417 tilium
1226 3355 1351 3435 epatre
1375 3372 1505 3436 pronun·

362 3459 492 3537 tiamne,
522 3478 579 3523 nec
608 3463 704 3535 statu,
733 3459 789 3525 sed
818 3459 916 3543 gradu
945 3459 1055 3538 aliurn,
1089 3460 1143 3542 qui
1175 3460 1237 3524 etsi
1270 3460 1348 3525 deus
1377 3460 1506 3526 dicatur.

456 3705 482 3772 ι]
503 3703 536 3756 cr.
551 3703 597 3756 ns.
615 3703 660 3768 44,
678 3703 721 3755 aa.
772 3704 800 3772 a]
817 3704 860 3756 us.
875 3706 919 3763 45,
934 3705 976 3758 25.
992 3706 1034 3759 ae.
1090 3705 1117 3773 5]
1132 3705 1196 3758 nuc.
1211 3707 1237 3772 o,
1251 3707 1300 3768 as;
1315 3705 1412 3761 naen.
1426 3707 1450 3761 s.
1467 3704 1506 3756 ιτ.

361 3792 583 3862 arnamar.
639 3792 907 3861 noroenses.
965 3794 1008 3861 13]
1029 3793 1075 3846 m.
1094 3793 1138 3853 41.
1158 3795 1182 3846 4.
1242 3794 1362 3864 1411011.
1385 3796 1449 3860 1,1.

403 3935 414 3987 1
433 3949 486 4004 qua
501 3951 516 3987 a
530 3933 566 4000 R,
582 3933 712 4002 quoPM,
728 3949 781 4004 qua
795 3933 829 3988 de
843 3935 873 3988 F
926 3935 1045 3991 insunt.
1066 3934 1130 4004 quia
1143 3935 1227 4004 uoryo
1284 3937 1316 3989 12
1336 3937 1382 4006 qui
1400 3935 1506 4003 scripsi:

364 4023 430 4092 quia
453 4022 544 4075 PMF
607 4023 638 4075 16
662 4023 764 4091 primus
787 4022 887 4076 addidi
951 4023 983 4076 19
1007 4023 1099 4076 saluus
1122 4022 1258 4090 Pomm,
1281 4024 1357 4077 salua
1380 4023 1506 4091 wauton

362 4112 399 4165 20
421 4112 506 4165 habet
533 4111 587 4164 Uro
640 4112 674 4166 23
698 4114 780 4165 etiarn
805 4113 938 4182 oonirorpe
961 4129 1020 4166 eum
1043 4113 1071 4165 in
1090 4113 1231 4183 scriptura,
1250 4113 1308 4165 nasi
1322 4115 1399 4182 sorte
1415 4129 1505 4166 raom·

362 4201 483 4255 bendum
501 4206 554 4254 eet:
570 4200 625 4254 iarn
645 4205 674 4254 et
722 4202 756 4253 24
775 4199 1022 4254 scandalizarentur
1034 4201 1068 4259 F.
1088 4199 1306 4255 scandalizentur
1321 4201 1382 4254 PM
1448 4199 1505 4252 rod-

363 4289 483 4342 didimus
501 4289 614 4357 scripsi:
631 4287 768 4342 reddimus
787 4287 878 4341 PMF
930 4289 963 4342 25
982 4307 1035 4344 non
1057 4289 1094 4343 dii
1112 4291 1223 4358 sorrpsi:
1242 4289 1281 4343 dii
1300 4307 1355 4344 non
1374 4290 1463 4344 PMF
