3250 4959
448 400 495 452 Vl.
514 399 683 453 aduersus
702 398 850 454 Praxean
871 400 967 455 9-10.
1233 405 1295 467 241

134 601 239 680 pater.
267 613 348 677 quae
383 594 465 658 enim
497 613 547 658 me
580 594 702 659 faciunt
733 595 760 658 ai
794 595 944 673 habuero,
978 599 1055 660 tunc
1093 615 1162 660 ero:
1197 600 1295 678 pater,

137 704 165 767 si
192 702 297 765 filium
316 700 461 777 habeam,
484 700 582 779 filius,
601 698 677 787 [ero]
697 701 724 765 ai
744 703 876 784 patrem.
896 720 989 783 porro
1011 700 1038 765 si
1057 701 1126 784 ipse
1146 719 1198 767 ero
1219 702 1295 783 quid

138 828 263 883 eorum,
287 808 351 872 iam
376 826 436 871 non
460 808 559 871 habeo
580 809 665 890 quod
684 808 753 890 ipse
777 827 844 873 ero:
874 826 932 871 nec
960 811 1094 890 patrem,
1125 810 1198 890 quia
1227 810 1296 891 ipse

138 935 194 979 ero
218 920 319 999 pater,
344 932 401 978 nec
424 914 537 987 filium,
563 915 638 996 quia
660 914 729 999 ipse
755 933 807 979 ero
832 914 928 980 illiue.
952 914 983 979 in
1009 918 1162 997 quantum
1189 918 1294 979 autem

106 1023 281 1086 salterum
310 1039 347 1085 ex
374 1020 424 1084 his
449 1020 563 1084 habere
587 1040 638 1084 me
668 1024 802 1102 oportet,
833 1022 968 1085 alterum
997 1038 1078 1097 esse,
1103 1020 1134 1085 in
1162 1024 1296 1098 tantum,

140 1129 171 1193 si
196 1131 373 1208 utrumque
392 1126 492 1205 luero,
517 1127 651 1191 alterum
675 1146 736 1192 non
762 1148 825 1204 ero,
852 1128 926 1192 dum
951 1128 1085 1191 alterum
1104 1146 1165 1192 non
1186 1127 1296 1192 habeo.

139 1236 171 1299 si
197 1234 281 1298 enim
310 1234 379 1317 ipse
407 1251 459 1296 ero
488 1233 585 1311 filiun,
611 1234 722 1315 quiet
749 1239 850 1315 pater,
878 1234 940 1298 iam
970 1254 1031 1299 non
1059 1234 1159 1299 habeo
1184 1234 1296 1312 filium,

139 1341 201 1406 aed
234 1341 302 1421 ipse
337 1358 408 1403 sum
437 1338 533 1403 filine.
567 1359 627 1403 non
657 1340 800 1405 babendo
831 1344 938 1404 autem
971 1340 1085 1413 filium,
1121 1340 1195 1404 dum
1229 1342 1296 1423 ipse

141 1468 218 1512 sum
247 1446 344 1521 filius,
380 1445 537 1527 quomodo
567 1450 655 1527 pater
686 1450 759 1510 ero?
793 1447 908 1511 habere
938 1448 1021 1511 enim
1053 1447 1156 1511 filium
1189 1448 1297 1527 debeo,

92 1581 120 1618 ιο
140 1560 182 1619 ut
209 1556 301 1636 pater
329 1552 401 1615 sim.
431 1571 490 1616 non
520 1572 591 1617 sum
622 1572 696 1637 ergo
719 1552 817 1633 filine,
848 1554 922 1635 quia
949 1557 1070 1637 patrem
1099 1574 1160 1617 non
1184 1555 1295 1631 habeo,

141 1660 199 1743 qui
223 1659 304 1724 facit
326 1659 437 1723 filium.
465 1678 564 1742 aeque
594 1660 621 1725 si
649 1662 718 1742 ipse
747 1668 942 1743 cumpater,
972 1661 1083 1742 quiet
1110 1660 1207 1739 filius,
1234 1661 1294 1724 iam

142 1786 208 1831 non
232 1766 334 1831 habeo
359 1771 491 1848 patrem,
522 1767 576 1831 sed
606 1768 675 1849 ipse
705 1788 776 1833 sum
804 1772 902 1850 pater.
932 1787 992 1832 non
1022 1767 1165 1832 habendo
1191 1771 1296 1831 autem

141 1878 281 1956 patrem,
317 1873 393 1937 dum
425 1874 495 1957 ipse
529 1894 599 1939 sum
632 1879 732 1957 pater,
766 1875 925 1957 quomodo
958 1874 1044 1939 filius
1077 1878 1150 1940 ero?
1184 1875 1298 1938 habere

143 1980 231 2043 enim
256 1982 379 2063 patrem
413 1980 522 2057 dohec,
552 1985 589 2044 ut
611 1980 697 2045 filius
723 1982 793 2046 sim.
825 2000 885 2045 non
915 2000 989 2065 ergo
1019 2001 1071 2047 ero
1095 1986 1194 2065 pater,
1224 1981 1297 2063 quia

95 2116 122 2153 ιδ
142 2088 250 2151 filium
275 2105 336 2150 non
360 2087 470 2165 habeo,
500 2087 553 2168 qui
578 2087 657 2151 facit
679 2093 809 2171 patrem.
838 2088 896 2152 hoe
922 2089 981 2152 erit
1008 2091 1112 2152 totum
1135 2087 1296 2169 ingenium

144 2193 279 2269 diaboli,
304 2194 437 2257 alterum
463 2194 620 2259 exaltem
646 2195 820 2271 excludere,
850 2196 926 2259 dum
950 2199 1120 2278 utrumque
1145 2196 1175 2258 in
1200 2213 1295 2258 unum

145 2300 208 2365 sub
239 2299 439 2364 monarchiae
468 2302 574 2365 fauore
603 2302 795 2365 concludens
830 2308 977 2366 neutrum
1007 2302 1114 2365 haberi
1142 2300 1229 2376 facit,
1262 2306 1298 2363 ut

146 2418 182 2473 et
204 2412 297 2490 pater
318 2425 379 2471 non
404 2408 456 2484 sit,
485 2408 539 2489 qui
568 2408 693 2472 scilicet
719 2408 821 2472 filium
847 2408 1037 2485 nonhabet,
1067 2413 1099 2472 et
1126 2408 1211 2471 filius
1236 2426 1296 2472 non

145 2516 201 2591 sit,
226 2513 282 2595 qui
307 2530 405 2593 aeque
428 2518 549 2595 patrem
575 2534 633 2578 non
658 2514 767 2590 habet;
798 2515 872 2578 dum
903 2516 985 2579 enim
1011 2519 1099 2597 pater
1123 2517 1182 2579 est.
1212 2514 1297 2577 lilius

94 2650 124 2686 zo
144 2642 209 2687 non
230 2622 300 2696 erit,
315 2644 399 2690 oue.
416 2621 462 2685 sio
480 2622 693 2686 monarchiam
714 2625 823 2686 tenent
843 2622 896 2705 qui
916 2642 973 2685 nec
988 2626 1108 2705 patrem
1124 2640 1181 2685 nec
1196 2620 1295 2685 filium

145 2730 319 2793 continent.
352 2730 407 2792 sed
439 2728 544 2792 nihil
590 2729 661 2794 deo
707 2730 910 2793 diflicile:
950 2730 1020 2811 quis
1058 2729 1118 2792 hoc
1155 2728 1296 2791 nesciat?

145 2842 195 2899 et:
229 2836 511 2919 impossibilia
543 2836 648 2916 apud
686 2835 897 2899 saeculum
934 2835 1156 2916 possibilia
1194 2834 1296 2915 apud

145 2942 282 3005 deum:
313 2941 384 3023 quis
409 2941 551 3023 ignoret?
577 2944 624 3003 et:
651 2942 783 3005 stulta
808 2940 944 3004 mundi
969 2941 1098 3024 elegit
1122 2941 1230 3004 deuo.
1256 2943 1298 3003 ut

145 3048 373 3113 confundat
391 3047 615 3128 sapientia:
630 3048 769 3130 legimus
785 3048 898 3112 omnia.
914 3049 1019 3131 ‘ergo',
1034 3048 1192 3129 inquiunt,
1207 3046 1298 3109 ‘dilli-

96 3186 126 3224 os
145 3156 209 3218 cilo
229 3174 290 3217 non
310 3154 374 3217 fuit
393 3152 449 3217 deo
468 3155 574 3235 ipsum
595 3172 628 3217 se
649 3158 681 3217 et
699 3158 820 3236 patrem
847 3154 997 3217 etlilium
1017 3156 1119 3218 iacere
1145 3154 1297 3217 aduersus

146 3260 300 3324 traditam
320 3259 453 3323 formam
472 3259 567 3323 rebus
587 3261 746 3324 humanis.
766 3280 839 3323 nam
856 3266 887 3323 et
907 3261 1048 3324 sterilem
1068 3280 1174 3343 parere
1191 3266 1299 3324 contra

146 3372 295 3432 naturam
320 3366 449 3431 difficile
469 3365 527 3431 deo
553 3385 613 3430 non
633 3367 704 3443 luit,
730 3368 816 3430 siout
835 3386 891 3431 nec
911 3368 1088 3451 uirginem.
1108 3366 1199 3449 plane
1218 3366 1298 3429 nihil

146 3474 207 3538 deo
232 3472 374 3539 difficile.
400 3474 456 3537 sed
480 3474 508 3537 si
532 3475 596 3537 tam
622 3474 755 3555 abrupte
783 3474 814 3537 in
843 3474 1156 3555 praesumptionibus
1181 3473 1298 3537 nostris

148 3584 208 3645 hac
237 3580 396 3645 sententia
424 3585 561 3657 utamur,
596 3581 723 3663 quiduis
753 3581 791 3645 de
820 3581 877 3645 deo
907 3581 1083 3664 confingere
1112 3581 1297 3663 poterimuS.

240 3808 284 3879 21]
303 3805 377 3859 lliob
396 3806 440 3874 42,
459 3806 486 3858 2.
505 3806 537 3859 cl.
558 3806 625 3860 Gen.
648 3810 689 3870 18,
710 3810 751 3864 14.
817 3809 863 3875 22]
882 3808 946 3861 Luc.
969 3809 1011 3874 18,
1030 3810 1072 3860 27.
1138 3808 1183 3877 23]
1204 3807 1217 3859 Ι
1237 3807 1297 3861 (br.

150 3902 175 3955 l,
195 3897 239 3951 ¹27.

187 4018 494 4087 ltuncPM,emioF
563 4023 876 4091 tunccropateruulyo
926 4022 1115 4075 ‘lerosccluoi
1166 4022 1299 4089 lleequc

147 4109 210 4178 PF,
230 4126 262 4162 ae
278 4108 316 4160 Μ
333 4113 396 4176 (que
416 4109 480 4164 odel.
500 4110 531 4163 in
551 4128 599 4178 ηιμ.
619 4128 653 4163 m.
668 4114 692 4177 1)
748 4111 782 4165 ¹20
803 4113 934 4164 lacunam
953 4111 1078 4179 siprrnuo':
1098 4114 1125 4163 et
1145 4108 1206 4163 dum
1227 4110 1299 4163 lilius

146 4208 199 4267 eet,
219 4203 300 4265 puter
318 4214 372 4249 uon
393 4198 445 4251 erit
462 4200 618 4266 supplenda
637 4216 729 4252 censeo
784 4201 819 4252 24
840 4202 956 4269 legimus
976 4214 1066 4251 omncs
1075 4201 1146 4266 sort.
1198 4202 1231 4251 lb*
1252 4198 1298 4251 sed

146 4288 171 4339 ei
190 4286 238 4349 12³,
258 4286 335 4339 sensi
353 4284 480 4339 ΡΖΙιΙκἯι

174 4411 310 4452 xxxxvrr.
325 4410 386 4451 ron.
402 4411 444 4449 111.
1232 4394 1263 4445 16
