3250 4959
335 419 399 482 506
563 413 680 480 Quinti
701 415 842 485 Septimi
860 413 1031 469 Florentia
1050 413 1252 468 Tertulliani

334 609 391 675 sed
423 616 538 675 ‘nemo
572 611 657 688 scit,
689 611 753 692 qui
785 610 837 674 sit
868 613 984 693 pater,
1018 609 1092 674 uisi
1119 609 1241 684 filius,
1270 611 1308 673 st
1335 608 1400 690 qui
1427 608 1476 671 sit

333 717 454 796 filius,
475 718 551 783 nisi
571 721 687 800 pater,
710 715 827 803 [nemo
848 717 931 782 enim
952 717 1026 782 scit
1044 719 1186 800 patrem
1211 715 1286 780 nisi
1309 714 1419 780 filius
1441 717 1474 778 et

333 823 460 890 filium
480 825 557 890 nisi
573 821 690 912 pater]
707 827 743 890 et
762 825 986 906 cuicumque
999 823 1110 888 filius
1124 822 1368 900 reuelauerit,
1384 827 1474 904 atque

333 930 378 996 ite
411 929 558 997 Christus
592 932 738 1016 ignotum
772 932 867 996 deum
899 930 1115 1015 praedicauit'.
1147 930 1222 996 hinc
1253 929 1337 994 euim
1366 927 1475 994 etalii

333 1037 483 1102 haeretici
506 1037 692 1114 fulciuntur,
717 1041 912 1122 opponentes
936 1040 1108 1103 creatorem
1131 1036 1279 1102 omuibus
1300 1039 1425 1102 uotum.
1446 1039 1475 1098 et
1507 1055 1520 1092 s

331 1143 465 1208 Israhsli
501 1145 677 1210 secundum
719 1144 967 1209 familiaritatem
1008 1148 1041 1209 ct
1080 1143 1262 1210 nationibus
1305 1141 1476 1208 secundnm

331 1252 484 1315 naturam.
516 1255 548 1315 et
577 1250 735 1334 quomodo
764 1251 833 1333 ipse
860 1254 1000 1315 testatur
1022 1269 1079 1315 neo
1101 1249 1235 1314 Israheli
1258 1249 1422 1332 cognitum
1444 1267 1476 1312 se

331 1394 374 1402 —
411 1357 559 1422 Israhel
593 1362 716 1422 autem
751 1378 805 1422 me
839 1377 910 1422 uon
944 1358 1125 1442 cognouit
1160 1360 1197 1422 et
1228 1356 1393 1438 populus
1424 1373 1476 1417 me

330 1480 399 1526 nou
423 1463 619 1527 intellexit
638 1501 680 1510 —-
701 1483 758 1529 nee
777 1464 983 1530 renonibus?
1008 1483 1092 1529 ecoe
1111 1463 1195 1528 enim
1214 1481 1281 1528 uec
1300 1461 1343 1528 de
1363 1462 1476 1526 natio

330 1568 452 1646 uibus,
472 1569 586 1651 iuquit,
610 1589 725 1636 uerno.
749 1570 982 1654 propterquod
1001 1574 1033 1636 et
1050 1571 1122 1636 illas
1141 1569 1343 1635 stillicidium
1363 1569 1475 1633 situlae
1491 1585 1516 1628 ιο

296 1661 300 1668 ’
330 1675 498 1758 deputauit
526 1681 559 1741 et
583 1675 710 1742 Sionem
734 1682 900 1760 tamquam
923 1680 1087 1761 speculam
1109 1678 1142 1743 in
1165 1677 1259 1742 uinea
1282 1675 1475 1740 derelictam.

330 1780 402 1846 uide
432 1800 518 1866 ergo,
548 1801 586 1847 an
620 1783 816 1849 confirmatio
850 1785 894 1849 sit
916 1785 1118 1868 propheticae
1145 1782 1236 1848 uocis
1260 1782 1475 1864 exprobrantis

329 1887 538 1971 ignorantiam
567 1889 599 1954 in
625 1889 719 1955 deum
742 1892 924 1969 humanam,
953 1909 1034 1975 quae
1057 1890 1153 1956 fuerit
1175 1889 1215 1954 ad
1237 1887 1340 1953 filium
1363 1907 1474 1971 usqne.

329 2013 401 2058 nam
426 1997 458 2060 et
480 1995 550 2061 ideo
576 1997 740 2063 subtexuit
763 1998 801 2061 ab
827 2017 864 2063 so
888 1999 1037 2083 cognosci
1055 2001 1187 2081 patrem,
1211 1995 1370 2061 cultilius
1389 2013 1475 2060 reue·

328 2100 453 2179 lauerit,
486 2104 636 2184 qnoniam
669 2104 738 2187 ipse
771 2109 848 2181 erat,
883 2105 937 2188 qui
964 2104 1089 2188 positus
1122 2123 1141 2168 a
1171 2107 1260 2187 patre
1295 2102 1329 2166 iu
1366 2101 1472 2166 lumen
1491 2117 1514 2156 1⁵

328 2207 492 2273 nationum
513 2210 767 2287 adnuntiabatur,
787 2212 900 2295 utique
919 2211 958 2278 de
977 2212 1035 2277 deo
1053 2209 1354 2285 inluminandam,
1371 2208 1473 2272 etiarn

327 2313 487 2392 israhelis,
512 2316 624 2398 utique
647 2336 703 2399 per
725 2318 920 2402 agnitionem
944 2318 993 2383 dci
1017 2318 1200 2402 pleniorem.
1228 2316 1275 2381 ita
1296 2334 1358 2380 nou
1382 2314 1473 2397 profi·

328 2419 412 2484 cient
433 2427 618 2505 argumenta
640 2425 671 2488 in
695 2423 789 2488 fidem
810 2425 860 2490 dei
879 2425 1020 2504 alterius,
1043 2443 1123 2508 quae
1142 2423 1274 2489 creatori
1294 2425 1473 2504 competere

326 2533 471 2608 possunt,
500 2529 573 2610 quia
603 2549 683 2612 quae
707 2549 767 2596 non
793 2534 974 2614 competent
997 2529 1139 2607 creatori,
1167 2529 1245 2594 haec
1267 2531 1420 2611 poterunt
1440 2528 1471 2592 in

327 2630 419 2696 tidem
444 2634 593 2716 proficere
618 2637 666 2701 dei
692 2637 832 2703 alterius.
889 2638 922 2704 Si
941 2641 974 2703 et
992 2636 1159 2721 sequentia
1176 2635 1343 2719 inspicias:
1368 2633 1470 2699 beati
1487 2653 1513 2692 n

326 2740 439 2819 oculi,
464 2743 527 2823 qui
551 2743 683 2808 uident
706 2763 798 2825 quae
822 2744 981 2810 uidetis:
1010 2744 1093 2809 dico
1117 2742 1214 2808 euim
1236 2742 1359 2820 uobis,
1384 2742 1470 2824 quia

324 2847 530 2928 prophetae
554 2869 625 2914 nou
649 2850 829 2915 uiderunt
852 2869 945 2933 quae
968 2870 1035 2917 uos
1063 2849 1217 2927 uidetis,
1247 2849 1285 2913 ds
1308 2849 1470 2931 superiore

214 2965 218 2976 ·
325 2970 420 3016 sensu
440 2953 636 3020 descendunt
654 2957 746 3021 adeo:
771 2958 938 3030 neminem,
962 2961 1001 3022 ut
1018 2957 1136 3033 decuit,
1155 2957 1248 3021 deum
1268 2956 1470 3039 cognouisse,

324 3059 450 3139 quando
474 3080 531 3127 uec
553 3063 725 3146 prophetae
749 3064 906 3128 uidissent
930 3083 1010 3146 quae
1034 3065 1093 3128 sub
1117 3062 1243 3129 Christo
1270 3063 1471 3128 uidebantur.

324 3183 395 3228 uam
421 3165 448 3230 si
472 3185 532 3231 non
551 3188 641 3233 meus
662 3173 747 3233 esset
766 3169 924 3246 Christus,
948 3188 1007 3236 uec
1023 3169 1248 3254 prophetamus
1267 3168 1327 3234 hcc
1345 3171 1379 3234 in
1398 3170 1469 3236 loco
1485 3186 1511 3228 a

324 3273 515 3338 mentionem
541 3278 750 3344 conlocasset.
775 3276 850 3359 quid
875 3277 958 3341 enirn
977 3276 1104 3354 mimm,
1129 3278 1156 3340 si
1175 3295 1235 3342 uon
1254 3275 1403 3342 uiderant
1420 3296 1470 3342 res

415 3396 438 3464 1]
458 3395 523 3450 uuo.
540 3398 581 3460 ro,
597 3399 641 3451 aa.
680 3398 706 3468 a]
723 3399 832 3468 [natta.
849 3401 891 3466 ιι,
905 3399 959 3469 aa]
996 3399 1026 3469 s]
1045 3399 1079 3454 er.
1094 3400 1171 3456 nom.
1192 3399 1215 3456 1.
1230 3398 1345 3455 rs-eo.
1382 3399 1411 3469 s]
1425 3399 1470 3455 aa

326 3483 349 3550 1,
365 3483 389 3538 3.
440 3484 667 3556 ornasses)
720 3487 762 3554 ro]
782 3486 817 3541 cf.
836 3487 881 3542 us.
900 3489 945 3553 so,
967 3488 1008 3540 15.
1064 3489 1108 3557 11]
1129 3487 1163 3541 cr.
1181 3485 1228 3541 us.
1248 3487 1272 3550 1,
1291 3487 1317 3540 s.
1371 3487 1415 3557 14]
1435 3487 1469 3541 er.

325 3570 389 3629 uuo.
411 3573 452 3636 ro,
472 3574 514 3628 22.
572 3577 615 3644 rs]
635 3577 667 3629 cs.
687 3575 732 3629 us.
753 3576 795 3642 so,
816 3577 840 3630 s,
897 3576 941 3644 ao]
962 3576 1025 3629 suc.
1046 3576 1088 3645 ro,
1108 3577 1222 3630 23-24.

360 3677 376 3729 2
395 3695 473 3734 nerno
499 3680 568 3734 enim
589 3683 640 3736 scit
665 3686 768 3750 patrem
792 3683 846 3735 nisi
868 3680 941 3735 iilius
961 3687 989 3735 et
1010 3681 1097 3736 fllium
1120 3683 1173 3736 uisi
1195 3685 1273 3752 pater
1291 3681 1393 3737 deleuit
1419 3682 1471 3736 Get

326 3766 341 3819 7
361 3771 486 3820 naturam
503 3767 568 3822 Gel:
582 3770 733 3823 naturalem
749 3770 819 3830 MR,
834 3769 985 3823 naturalem
996 3769 1201 3838 (agnitionem)
1205 3771 1276 3837 fort.
1331 3771 1349 3822 8
1364 3787 1470 3839 puren-

318 3854 413 3910 ilresin
431 3857 560 3911 indicaui
605 3859 620 3912 9
641 3859 796 3912 nationibus
811 3858 892 3927 MR³‚
912 3859 1030 3912 nationis
1044 3859 1080 3925 F,
1098 3859 1224 3913 nationes
1238 3857 1278 3914 13¹
1322 3858 1357 3912 12
1372 3860 1469 3914 contir-

324 3946 408 4000 matio
424 3945 458 4012 R,
478 3947 658 4000 conformatio
673 3948 737 4008 ΜΡ
788 3949 863 4002 uocis
877 3949 919 4011 M,
938 3949 1013 4002 uocis
1027 3953 1056 4002 et
1069 3947 1096 4003 R
1134 3950 1167 4002 15
1178 3947 1207 4001 in
1220 3948 1312 4002 lumen
1325 3949 1470 4001 nationum

322 4037 367 4097 (=
388 4032 424 4096 εἰς
444 4041 500 4104 φῶς
520 4034 604 4087 ἐθνῶν
624 4039 659 4104 cs.
676 4040 743 4102 424,
759 4040 788 4100 2)
802 4039 915 4105 scnpsr':
930 4037 1102 4091 inluminatio
1115 4036 1256 4090 nationum
1269 4035 1341 4103 MR,
1358 4038 1470 4092 inlumi-

322 4123 427 4176 nationi
446 4125 584 4178 nationum
609 4125 673 4194 Eup
749 4128 781 4181 li
805 4126 915 4180 Israelis
937 4127 973 4192 R,
991 4126 1134 4180 israhelem
1152 4125 1218 4179 ΜΡ
1292 4127 1325 4180 19
1343 4143 1398 4179 nou
1416 4142 1470 4180 ors.

323 4213 358 4265 M
451 4217 604 4283 competent
623 4216 664 4282 M,
685 4220 842 4285 competunt
859 4215 979 4285 Ruulpo
1065 4215 1099 4270 22
1118 4215 1255 4284 superiore
1274 4215 1317 4277 M,
1335 4217 1470 4285 superiori

324 4299 444 4370 Ruulpc
