3250 4959
267 410 329 475 XII
726 410 946 465 Prseistio.

263 604 411 671 lectionis
435 606 588 671 memorie
611 606 759 671 destituti
788 625 911 686 sumus,
944 606 1026 673 uude
1058 608 1163 691 quulis
1197 607 1241 673 sit
1273 608 1416 675 condicio

264 710 404 794 corporis
426 709 643 777 cluniacensis
662 711 803 778 iudicare
817 711 922 778 liceat.
939 713 1025 779 bend
1045 714 1311 780 contemnendum
1330 717 1415 783 enim

267 816 306 883 ad
320 817 401 883 bono
415 836 482 883 rem
497 816 677 883 subsidium
696 818 787 884 uobis
808 819 931 885 confert
948 818 1046 885 editio
1069 820 1225 886 Martini
1244 821 1416 887 Messort

264 942 344 989 enno
375 925 461 989 1545
492 924 639 991 Lutetiae
665 925 839 1008 impresse,
872 946 967 1010 quem
999 926 1080 991 falso
1111 926 1223 993 Ioanni
1251 926 1415 1013 Gungueio

263 1030 401 1097 adscribi
415 1049 451 1095 er
470 1030 648 1101 acrosticbo
666 1032 866 1117 intellegitur
880 1032 980 1098 ,titulo
999 1032 1096 1099 buius
1115 1032 1265 1100 editionis
1279 1034 1416 1121 affixo.¹)

262 1137 291 1203 is
316 1138 399 1203 enim
421 1137 473 1205 uir
495 1137 609 1203 doctus
632 1138 665 1203 in
684 1138 815 1205 edendis
834 1139 958 1204 duobus
978 1140 1075 1205 huius
1094 1139 1268 1206 uoluminis
1287 1140 1416 1224 scriptis

262 1280 308 1293 -
329 1244 367 1309 de
382 1246 545 1325 patientia
569 1244 695 1310 scilicet
718 1248 750 1309 et
772 1244 810 1310 dc
832 1248 941 1311 camis
961 1249 1188 1311 resurrectione
1205 1246 1301 1313 —in
1320 1266 1415 1314 usum

264 1351 392 1417 uocauit
415 1351 496 1417 duos
520 1352 601 1417 elios
624 1352 724 1419 libros
746 1354 992 1438 manuscriptos,
1015 1374 1032 1420 e
1056 1353 1173 1437 quibus
1196 1357 1343 1433 alterum,
1371 1393 1416 1409 -

263 1458 304 1524 nd
326 1458 443 1525 librum
466 1458 504 1524 de
519 1460 680 1541 patieutis
702 1460 881 1527 adhibitum
903 1498 949 1509 -
972 1462 1027 1546 qni
1050 1462 1148 1529 fuerit
1171 1466 1204 1527 et
1226 1464 1310 1529 unde
1330 1481 1416 1530 ecce

263 1566 347 1651 perit
373 1565 604 1652 ignoremus,²)
634 1569 769 1633 ultorum
793 1567 986 1655 nouimus2).
1014 1569 1151 1635 mommo
1174 1572 1283 1635 entem
1307 1570 1413 1636 dolen·

263 1674 339 1740 dum
372 1676 432 1753 est,
457 1673 645 1755 quod-uon,
673 1678 710 1739 ut
738 1673 859 1753 debuit,
891 1676 951 1741 hos
979 1675 1104 1743 codices
1127 1695 1184 1759 pro
1207 1676 1413 1743 fundamento

262 1780 372 1864 posuit
392 1780 425 1844 in
447 1778 647 1846 recensendis
673 1780 740 1847 illis
763 1780 952 1847 Tertulliani
979 1782 1080 1863 libris,
1109 1782 1165 1848 sed
1193 1784 1273 1867 satis
1301 1783 1415 1850 hebuit

422 2004 443 2076 ¹)
462 2004 592 2061 Multum
609 2005 667 2061 dics
685 2006 753 2062 baec
771 2008 837 2077 ipsa
854 2008 953 2074 (lecim
971 2010 1090 2065 candide

460 2094 627 2165 Aedemque
645 2097 740 2165 kctor)
760 2097 895 2152 commodi
912 2098 964 2151 tibi
982 2100 1080 2153 attulit
1148 2149 1151 2155 ,

460 2186 629 2253 Rursusque
647 2184 709 2240 dico
728 2178 863 2241 comusodi
879 2187 996 2241 multum
1015 2188 1120 2242 attulit.

461 2272 668 2327 Tertullianum
687 2274 798 2329 taudem
817 2274 868 2329 tubi
884 2275 969 2329 bobes
986 2275 1122 2345 inteqrum

461 2364 612 2431 Ipsumque
631 2364 735 2417 mucre
754 2363 897 2431 expiatum
913 2363 1057 2418 sordebus:

459 2452 530 2506 Nou
549 2451 612 2507 dico
631 2468 677 2521 cqc
696 2450 839 2506 authorem
857 2452 905 2507 scd
923 2452 1051 2507 authoris
1069 2468 1154 2521 opera

467 2540 542 2594 Viris
555 2540 672 2595 disertis
689 2539 790 2594 tabita
806 2555 912 2594 musmo
929 2541 961 2594 iu
974 2540 1097 2610 pondere

463 2628 569 2683 mutus·
587 2626 626 2685 ad
640 2645 759 2699 urmes
779 2628 922 2699 &maeno
939 2628 1059 2698 coquite,

458 2718 623 2787 Maqnoque
639 2735 744 2789 muqna
762 2734 795 2774 erc
807 2723 893 2788 purte
910 2718 992 2787 lapsa
1010 2723 1127 2787 tempore

460 2808 503 2861 Et
521 2808 682 2877 cemcpulta
698 2823 775 2863 uuuc
792 2807 965 2862 reuiuiecuut
984 2806 1045 2861 tibi.

463 2894 497 2949 Si
516 2896 621 2965 tepetis,
639 2896 781 2951 mirabere.
795 2895 903 2965 potesis
920 2894 1030 2949 iuterim

459 2986 591 3053 Necesse,
611 2991 746 3054 mantum
765 2986 880 3040 caeteris
898 2983 1075 3055 tbeoqraptis

461 3074 589 3128 Autestet
607 3080 634 3129 et
651 3074 795 3129 sententiis
814 3080 840 3129 et
852 3073 974 3143 floribus

458 3164 619 3231 Rerumque
636 3164 775 3218 uarietate
792 3179 876 3233 quum
891 3163 1061 3233 qratiseimu.

462 3252 507 3306 au
519 3250 617 3320 fruere
635 3252 720 3307 lector
738 3268 857 3319 munere,
876 3259 902 3308 et
913 3253 1032 3320 faustus
1048 3251 1123 3307 uate.

309 3339 330 3411 ²)
351 3340 443 3395 Inerat
463 3342 528 3395 olim
546 3342 617 3397 liber
636 3343 668 3397 dc
681 3344 827 3413 patientia
844 3347 916 3396 teste
934 3342 1057 3396 indiculo
1081 3342 1163 3395 etium
1181 3341 1210 3394 in
1229 3340 1321 3395 codice
1339 3343 1414 3409 Ago-

263 3428 379 3483 burdino
398 3446 486 3499 neque
505 3430 663 3484 incredibile
679 3431 744 3484 mibi
758 3430 868 3484 uidetur
883 3446 914 3483 er
926 3434 1005 3500 purte
1025 3429 1133 3482 reuulsa
1150 3428 1311 3497 superstites
1329 3426 1413 3480 inisse

264 3518 397 3573 Mesnnrti
415 3520 584 3589 temporibus
603 3519 708 3589 sliquos
727 3518 851 3573 lucinius.

310 3606 401 3675 ³)Est
422 3608 470 3663 ille
494 3608 585 3671 codex,
607 3608 792 3662 Mssburcnsis
819 3606 885 3661 libri
909 3624 925 3661 a
948 3604 1123 3677 sigismundo
1147 3602 1261 3660 Gelenio
1290 3605 1414 3675 murpau

265 3696 497 3762 manducaturis,
522 3714 552 3751 ex
576 3714 629 3767 quo
653 3696 805 3766 desumpsit
823 3713 923 3751 nouem
947 3696 996 3749 ills
1014 3694 1125 3765 scriptu,
1145 3710 1214 3765 quae
1233 3710 1288 3748 non
1304 3693 1415 3749 inerunt

266 3786 295 3838 in
314 3784 440 3839 Rbensui
459 3785 610 3841 codicibus:
635 3786 667 3839 de
690 3785 844 3841 testimonio
868 3786 988 3852 animae,
1011 3784 1045 3840 de
1063 3784 1170 3850 amima,
1189 3782 1223 3837 de
1239 3783 1414 3853 spectemus,

265 3874 299 3929 de
317 3872 460 3943 baptismo,
478 3876 627 3942 scorpiace,
646 3875 679 3928 dc
697 3874 872 3942 idololatria,
891 3874 924 3928 de
936 3873 1088 3943 pudicitia,
1107 3873 1140 3927 de
1156 3872 1261 3927 ieiunia
1281 3872 1416 3927 aduncus

261 3962 414 4033 psychicos,
434 3962 467 4016 de
484 3964 617 4017 oratioue.
638 3963 722 4017 luisse
741 3968 834 4017 sutem
851 3964 881 4016 in
894 3962 946 4017 hoc
960 3962 1053 4017 codice
1068 3962 1151 4017 etium
1165 3962 1233 4015 ulios
1247 3967 1303 4016 tres
1320 3960 1415 4028 libros,

265 4054 293 4105 in
312 4052 411 4121 quibus
430 4051 542 4107 edendis
562 4051 654 4107 codice
672 4052 844 4106 Mesburensi
861 4068 892 4106 se
910 4069 988 4107 nsum
1008 4068 1067 4107 esse
1085 4056 1204 4106 testatur
1223 4049 1415 4120 sigismundus

266 4140 396 4195 Gelenius
415 4172 448 4181 -
468 4140 502 4195 de
519 4142 614 4196 caruis
632 4142 828 4197 resurrectsbue
845 4140 906 4196 dico
926 4142 1006 4197 etde
1022 4141 1244 4212 paeceptum
1265 4138 1414 4195 baeretico-

266 4244 328 4283 rum
348 4231 376 4282 et
395 4228 428 4284 de
445 4230 621 4299 mouoqumia
640 4260 674 4270 —-
694 4228 773 4285 docui
795 4230 825 4284 in
849 4230 1040 4284 dissertatione
1062 4246 1124 4284 mes
1148 4228 1328 4299 Quaesticues
1349 4226 1415 4282 Ter-

267 4318 421 4372 tuiliaueae
439 4318 552 4373 criticae
568 4318 734 4389 (Oeniponte
754 4319 834 4387 1894)
854 4338 878 4389 p.
898 4320 977 4374 7-9.
