3250 4959
338 446 403 507 390
563 440 682 505 Quinti
703 437 846 507 Septimi
865 435 1037 490 Florentia
1056 435 1261 489 Tertulliani

338 640 387 701 est
419 637 535 719 passio,
568 654 624 718 per
655 638 789 699 mortem
822 634 1010 698 reuertentis
1042 633 1074 696 in
1106 638 1233 705 terram,
1272 631 1309 695 de
1343 651 1406 713 qna
1437 646 1481 695 est

338 750 476 825 sumpta,
510 741 683 807 secundum
715 741 819 825 legem
853 740 903 803 sui
936 740 1096 804 auctoris?
1129 747 1244 822 negate
1271 758 1347 803 uero
1375 749 1482 803 morte.

338 850 413 913 dum
438 868 508 913 caro
528 850 672 932 negatur,
697 864 754 911 neo
774 846 811 910 de
831 847 1060 911 resurrectione
1079 845 1248 910 constabit.
1273 845 1384 908 eadem
1405 846 1484 908 eninr

338 956 458 1019 ratione
491 974 551 1019 non
584 954 763 1027 resurrexit,
802 971 865 1035 qua
896 956 1042 1017 mortuus
1075 970 1135 1015 non
1169 956 1227 1028 est,
1255 970 1315 1015 non
1343 950 1483 1014 habendo

340 1062 551 1127 substantiam
581 1061 707 1125 scilicet
735 1062 847 1127 carnis.
876 1060 967 1124 cuius
992 1060 1076 1123 sicut
1099 1064 1131 1123 et
1153 1078 1238 1123 mors
1261 1059 1307 1122 ita
1330 1062 1364 1122 et
1385 1078 1484 1121 resur·
1510 1076 1521 1114 ε

338 1169 435 1232 rectio
455 1171 512 1232 est.
536 1166 666 1249 proinde
685 1166 915 1231 resurrectione
940 1166 1057 1230 Christi
1082 1166 1237 1229 infirmata
1260 1165 1358 1228 etiam
1381 1171 1486 1227 nostra

340 1276 494 1340 subuersa
527 1278 584 1338 est.
618 1292 675 1337 nec
709 1292 745 1337 ea
778 1273 860 1336 enim
893 1272 1023 1349 uolebit,
1057 1276 1184 1355 propter
1216 1292 1310 1353 quam
1339 1271 1484 1336 Christus

338 1382 436 1459 uenit,
471 1382 498 1444 si
532 1380 650 1446 Christi
683 1398 743 1444 non
777 1380 907 1444 audebit.
941 1398 1012 1443 nam
1046 1380 1130 1444 sicut
1161 1380 1220 1456 illi,
1254 1380 1309 1461 qni
1341 1378 1486 1442 dicebant

339 1488 602 1553 resurrectionem
630 1492 827 1550 mortuorum
856 1504 916 1549 non
941 1505 1021 1563 esse,
1049 1486 1256 1550 reuincuntur
1277 1487 1317 1550 ab
1342 1486 1485 1568 apostolo

339 1615 375 1659 ex
407 1594 635 1659 resurrectione
669 1593 797 1671 Christi,
829 1594 875 1656 ita
907 1593 1133 1657 resurreetione
1167 1594 1285 1658 Christi
1321 1612 1385 1656 non
1419 1612 1482 1655 con·
1502 1614 1524 1648 n

340 1702 472 1766 sistente
508 1700 649 1764 aufertur
678 1702 709 1763 et
737 1704 933 1763 mortuorum
962 1700 1158 1765 resurrectio.
1189 1703 1284 1782 atque
1313 1700 1361 1763 ita
1387 1698 1486 1763 inanis

340 1814 389 1872 est
418 1811 450 1871 et
476 1806 555 1871 fides
586 1810 702 1881 nostra,
735 1806 836 1869 inanis
865 1809 898 1869 et
925 1806 1116 1888 praedicatio
1140 1807 1371 1889 apostolorum.
1404 1807 1486 1869 inne·

339 1916 468 1979 niuntur
487 1919 592 1977 autern
613 1913 708 1976 etiam
727 1912 800 1975 falsi
816 1916 914 1975 festos
930 1912 991 1989 dei,
1010 1913 1094 1994 quod
1109 1913 1328 1977 testimonium
1343 1912 1486 1977 dixerint.

340 2022 429 2103 quasi
449 2020 689 2085 resuscitauerit
703 2018 877 2096 Christum,
898 2037 991 2100 quem
1012 2038 1071 2083 non
1091 2020 1304 2084 resuscitanit.
1330 2028 1364 2084 et
1377 2038 1486 2085 sumus

340 2130 441 2193 adhuc
475 2128 505 2191 in
539 2126 676 2203 delictis,
710 2130 741 2189 et
773 2126 828 2207 qui
861 2126 891 2189 in
921 2124 1047 2191 Christo
1080 2127 1283 2191 dormierunt.
1316 2126 1526 2209 perierante

340 2255 414 2300 sane
439 2233 656 2309 resurrecturi,
681 2232 738 2296 sed
760 2234 982 2314 phantasmate
1006 2233 1148 2311 forsitan,
1173 2234 1258 2297 sicut
1279 2236 1315 2296 et·
1331 2232 1489 2298 Christus.

385 2344 415 2405 9.
440 2342 475 2404 In
504 2342 566 2403 ista
590 2338 774 2421 quaestione
800 2339 854 2420 qui
877 2341 1040 2421 putauerin
1065 2340 1268 2422 opponendos
1297 2359 1370 2403 esee
1397 2340 1488 2403 nobis

341 2448 471 2531 angelos
490 2446 652 2514 creatoris.
673 2445 762 2526 quasi
783 2450 817 2508 et
834 2445 881 2508 illi
900 2446 931 2508 in
947 2446 1178 2528 phantasmate,
1196 2446 1362 2529 putatione
1377 2448 1488 2528 ntique

341 2555 452 2631 earnis,
482 2554 604 2636 egerint
628 2552 710 2634 apud
734 2552 893 2616 Abraham
918 2557 950 2616 et
971 2553 1062 2632 Loth,
1086 2558 1245 2617 ettamen
1269 2572 1344 2617 uere
1367 2554 1435 2617 sint
1458 2566 1488 2615 et

340 2661 501 2745 congressi
526 2664 557 2724 et
577 2659 659 2741 pasti
681 2662 713 2722 et
732 2660 853 2740 operati
877 2658 962 2741 quod
981 2659 1164 2723 mandatum
1184 2662 1230 2724 eis
1249 2660 1362 2736 fuerat,
1386 2661 1488 2742 priano
1504 2678 1528 2715 a

341 2788 400 2833 non
429 2767 607 2831 admitteris
636 2766 675 2829 ad
704 2766 771 2830 eius
802 2766 853 2829 dei
881 2766 1032 2848 exemplo,
1063 2785 1154 2848 quern
1181 2766 1329 2831 destruis.
1360 2786 1434 2831 nam
1459 2784 1491 2831 ec

340 2878 457 2955 quanto
491 2874 653 2937 meliorem
686 2876 718 2935 et
750 2872 967 2955 perfectiorem
1000 2873 1092 2937 deum
1129 2874 1263 2942 inducis.
1301 2878 1391 2938 tanto
1428 2894 1489 2939 non

342 2984 528 3063 competunt
556 2980 602 3043 illi
628 2980 695 3043 eius
720 2981 872 3062 exempla,
903 3000 964 3061 quo
988 2980 1051 3045 nisi
1073 2980 1219 3045 diuersus
1244 2982 1275 3044 in
1299 2986 1404 3045 totum
1428 3002 1488 3046 non

341 3089 400 3150 erit
428 3086 553 3150 omnino
583 3087 695 3149 melior
722 3092 816 3168 atque
850 3086 1026 3168 perfectior.
1059 3087 1173 3151 dehinc
1205 3088 1286 3152 scito
1319 3108 1376 3153 nec
1409 3086 1488 3152 illnd

342 3191 471 3257 concedi
500 3191 568 3268 tibi,
599 3196 634 3255 ut
662 3192 808 3272 putatiua
831 3191 981 3257 fueritin
1006 3192 1128 3275 angelis
1152 3212 1234 3270 caro,
1259 3194 1314 3258 sed
1338 3213 1432 3259 uerae
1458 3207 1489 3258 et
1506 3210 1529 3249 ²³

342 3299 462 3364 solidae
491 3298 687 3362 substantiae
718 3299 882 3363 humanae.
917 3299 945 3362 si
978 3299 1061 3362 enini
1095 3298 1224 3364 difficile
1252 3319 1313 3364 non
1340 3300 1403 3364 fuit
1430 3302 1488 3369 illi.

341 3406 505 3489 putatione
539 3404 622 3468 corni
655 3422 747 3468 ueros
781 3411 814 3467 et
846 3424 958 3469 sensus
996 3412 1028 3470 et
1064 3411 1155 3470 actus
1193 3407 1349 3485 exhibere,
1385 3409 1489 3472 multo

286 3518 288 3523 '
340 3511 467 3575 facilins
500 3511 621 3586 habuit,
650 3510 736 3574 ueris
770 3518 802 3573 et
834 3511 981 3576 sensibus
1014 3517 1047 3575 et
1074 3513 1199 3576 actibus
1227 3532 1333 3578 ueram
1362 3513 1489 3577 dedisse

342 3617 553 3681 substantians
584 3617 693 3695 cernis,
727 3618 779 3680 uel
810 3636 871 3698 qne
900 3619 1045 3700 proprius
1074 3624 1184 3683 auctor
1211 3624 1244 3684 et
1271 3620 1382 3685 artifex
1412 3620 1490 3685 eius.

434 3774 458 3844 1]
480 3774 513 3827 cf.
534 3774 599 3827 Gen.
621 3776 646 3841 3,
670 3774 708 3826 19.
774 3775 801 3841 81
824 3774 963 3829 eflCor
992 3776 1095 3838 151,12.
1153 3776 1489 3845 11]cf.1Cor.1s.14.

344 3864 388 3931 idi
411 3864 444 3917 cs.
465 3864 477 3917 1
498 3863 555 3917 Cor.
580 3865 621 3929 15,
642 3864 683 3917 15.
740 3864 783 3932 14]
805 3864 838 3919 cf.
858 3865 917 3918 Cor.
938 3866 980 3930 15,
1001 3866 1042 3917 17.
1064 3868 1104 3920 lu.

379 3970 579 4023 lreuertentis
602 3970 672 4022 Lai:
699 3970 866 4023 deuerfentis
891 3970 952 4025 MR
1024 3973 1154 4025 ‘definita
1176 3972 1214 4024 M
1283 3974 1366 4026 dest
1388 3990 1439 4026 ono.
1464 3974 1495 4027 F

342 4063 358 4111 a*
378 4060 399 4110 si
421 4056 521 4111 Christi
536 4058 577 4113 M.
598 4059 620 4110 si
641 4058 764 4111 Christus
783 4060 810 4113 It
866 4058 969 4111 calebit
982 4060 1051 4116 MR.
1072 4061 1218 4113 resurrexit
1234 4062 1307 4114 Pura
1354 4062 1388 4115 10
1401 4079 1490 4113 resur-

342 4148 460 4199 rectione
485 4148 541 4212 (pr.
566 4146 841 4210 loro)-niortuorurn
866 4164 917 4200 ono.
936 4146 967 4199 F
1037 4149 1069 4201 12
1093 4149 1182 4202 inanis
1205 4155 1233 4202 et
1251 4150 1322 4202 lien:
1339 4150 1430 4203 inanis
1448 4162 1492 4203 est

343 4236 410 4296 MR,
430 4236 518 4287 inanis
539 4242 579 4287 est
597 4239 663 4299 fer>
681 4236 751 4288 Puni
807 4239 841 4288 ¹223
862 4238 983 4305 ercnipla
1001 4237 1059 4289 eius
1078 4238 1115 4290 M
1130 4245 1212 4303 (corr.
1231 4256 1265 4295 m.
1280 4244 1304 4305 1)
1362 4242 1397 4293 2ἳ
1417 4243 1491 4295 carsii

342 4325 505 4379 Karonion.-
526 4326 610 4378 carnis
631 4326 692 4378 nnn
