3250 4959
310 346 352 409 32
536 342 656 408 Quinti
675 336 818 411 Septimi
834 340 1006 395 Florentii
1024 338 1231 395 Tertulliani

309 537 362 603 dei
398 555 478 621 opus
517 541 575 603 esi.
612 540 645 603 ei
681 538 792 620 utique
826 537 855 601 si
885 537 1078 601 uniuersiies
1109 532 1354 600 inreformabilis
1386 536 1460 617 poet

310 643 490 722 decessum,
506 643 581 727 quid
596 644 734 728 pertio'?
753 644 857 727 plone,
872 642 902 708 si
914 642 1019 726 portio
1034 640 1236 707 uniuersifsti
1254 640 1458 723 adaequetur.

310 750 349 815 ed
374 750 558 817 distantiam
582 749 665 815 enim
688 767 916 834 prouocemus:
938 750 1041 834 primo
1066 747 1204 831 quidem,
1229 747 1355 813 ‘omnia'
1374 747 1459 829 qnod

311 875 455 921 sermone
488 856 541 922 dei
571 856 655 921 faeie
688 857 764 920 suni
790 852 835 943 [et
867 855 935 921 sine
966 856 1023 920 illo
1056 852 1158 940 nihili,
1187 871 1258 918 osto
1287 857 1394 918 sufem
1427 856 1460 918 ei

310 980 455 1027 sermone
483 960 535 1027 dei
562 960 712 1028 oonsiifii
733 964 863 1046 propter
888 961 1033 1039 formem,
1061 979 1101 1026 no
1124 960 1201 1043 quid
1223 959 1292 1026 siue
1314 976 1458 1026 sermone
1491 985 1507 1026 o

225 1120 228 1125 .
310 1068 431 1151 (fieret)
455 1104 498 1119 -
521 1068 725 1135 feoiumus
749 1068 833 1134 enim
855 1066 1059 1133 hominem
1082 1069 1155 1131 unte
1177 1065 1345 1148 praemisit
1365 1100 1410 1115 --
1427 1067 1461 1129 ei

311 1175 450 1260 amplius
472 1194 571 1240 menn
593 1178 723 1259 proptor
744 1174 984 1258 praelationem,
1011 1193 1051 1239 ne
1074 1173 1278 1239 uniuersimu'
1300 1190 1460 1255 eompara-

311 1284 413 1347 reiur:
451 1284 489 1346 ei
525 1280 660 1359 finxit,
697 1280 811 1363 inquit,
850 1278 949 1345 deus
981 1278 1188 1345 hominem.
1225 1296 1359 1363 magnae
1391 1277 1459 1343 sine

312 1387 408 1454 <lubio
432 1387 627 1453 differentiae
649 1386 743 1463 ratio,
766 1404 823 1470 pro
846 1385 1030 1453 oooiioione
1052 1385 1178 1451 scilieet
1199 1404 1316 1451 rerum.
1340 1384 1462 1451 minem

313 1494 396 1559 enim
420 1512 502 1577 qnae
524 1492 644 1559 fiebunt
666 1511 714 1571 eo,
744 1492 803 1559 oni
821 1491 950 1570 lobeni,
977 1491 1006 1556 si
1034 1491 1163 1575 quidem
1190 1492 1311 1558 homini
1332 1490 1460 1570 fiebant,
1481 1514 1507 1553 ro

313 1601 364 1667 eui
392 1620 465 1667 mox
487 1619 507 1666 e
529 1598 588 1665 deo
613 1598 739 1665 addioio
763 1602 857 1666 sunl
874 1598 990 1665 nerito
1012 1598 1123 1683 igilur,
1150 1602 1189 1665 ui
1210 1598 1340 1677 famule,
1366 1598 1461 1665 iussu

313 1712 347 1774 et
375 1707 509 1792 imperio
543 1709 576 1771 ei
608 1705 678 1772 sole
707 1706 816 1773 noosli
848 1708 1008 1790 potosieie
1044 1706 1194 1771 uniuerso
1229 1709 1460 1789 processerunt.

313 1818 422 1881 contre
443 1815 550 1891 homo,
574 1816 615 1879 ui
629 1812 775 1879 dominns
795 1832 916 1893 eornm,
938 1812 972 1877 in
989 1812 1052 1879 hoo
1070 1812 1109 1877 ub
1128 1812 1201 1896 ipso
1219 1812 1279 1878 deo
1297 1814 1460 1879 extructus

314 1926 374 1987 est.
405 1919 454 2009 [ut
481 1920 630 1989 dominus
659 1921 871 2004 essenorum,
904 1919 980 1985 dum
1007 1919 1047 1985 fit
1072 1939 1091 1985 s
1118 1916 1267 2009 domino]
1300 1919 1460 1987 hominem

313 2032 419 2095 aulem
448 2030 609 2093 memento
636 2045 759 2095 earnem
787 2026 913 2110 proprio
940 2026 1029 2105 diei
1044 2035 1126 2108 quse
1152 2026 1239 2110 prior
1264 2027 1459 2093 noeubulum
1477 2044 1508 2087 re

314 2134 455 2201 hominis
479 2134 663 2218 oooupouir:
688 2134 875 2200 effinxit
899 2134 994 2201 (leus
1018 2133 1229 2212 hominem,
1252 2135 1390 2201 limum
1414 2133 1459 2198 de

314 2246 432 2318 terre,
447 2241 570 2307 -ium
588 2242 694 2320 homo,
715 2242 770 2324 qui
789 2241 894 2308 adhue
908 2237 1007 2308 limus
1028 2276 1066 2291 -·
1089 2244 1130 2305 ei
1150 2241 1404 2307 insufflanit
1419 2240 1460 2307 in

313 2348 461 2414 faeiem
490 2348 581 2413 eius
609 2346 757 2414 flatum
786 2348 910 2424 uitae,
942 2350 982 2413 oi
1008 2346 1147 2415 foetus
1176 2352 1238 2414 esi
1269 2348 1395 2426 homo,
1426 2346 1461 2412 id

315 2460 365 2519 est
379 2454 488 2533 limus,
507 2453 546 2519 in
562 2454 730 2521 animem
746 2454 893 2532 uiuum,
913 2454 1111 2536 etposuii
1128 2454 1231 2523 deus
1248 2454 1460 2532 hominem,

316 2580 427 2645 quem
452 2561 585 2639 finxit,
608 2560 648 2627 in
671 2560 877 2644 paradiso.
905 2560 985 2626 adeo
1012 2560 1108 2627 homo
1135 2560 1324 2645 figmentum
1345 2562 1460 2643 primo,
1478 2581 1510 2622 se

315 2668 427 2735 dehine
463 2671 561 2733 teins.
602 2668 663 2733 hoo
701 2686 737 2735 eo
776 2667 1033 2748 commendarim,
1069 2667 1119 2734 nti
1151 2668 1302 2751 quioquid
1333 2668 1461 2734 omuino

316 2775 434 2841 homini
467 2793 486 2839 e
518 2774 576 2841 deo
608 2776 814 2857 prospectum
851 2778 946 2859 utque
982 2774 1178 2859 promissum
1215 2779 1267 2841 est
1300 2794 1363 2841 non
1399 2775 1462 2841 soli

314 2882 436 2947 mimae·
455 2900 568 2949 uerum
587 2885 619 2947 ei
638 2881 723 2947 earni
747 2882 831 2951 scies
854 2882 1010 2962 debitum,
1033 2879 1093 2970 [nl]
1118 2883 1147 2947 si
1166 2902 1228 2949 non
1248 2902 1284 2948 er
1301 2880 1460 2949 oonsorlio

314 2988 448 3073 generis,
474 2991 559 3053 oerie
582 2988 637 3053 uel
660 3006 694 3053 er
717 2989 889 3075 priuilegio
912 2988 1061 3055 nominis.

403 3196 647 3267 4]or.loh.1,u.
703 3198 922 3269 6]Gsn.1.26.
977 3199 1004 3268 8]
1024 3197 1093 3256 Gen.
1110 3201 1193 3266 1‚27.
1249 3199 1459 3270 lilllenifi.

316 3286 359 3357 19]
378 3285 446 3342 Gen.
465 3288 491 3349 2,
510 3288 536 3341 8.

351 3428 364 3482 1
381 3427 433 3481 sibi
449 3428 475 3480 P
489 3432 569 3492 (corr.
580 3428 618 3494 R)
669 3430 685 3481 2
699 3429 899 3498 adaequaretur
905 3430 977 3498 sori.
1027 3430 1044 3482 3
1059 3430 1144 3498 primo
1160 3429 1269 3502 quidem
1283 3431 1318 3499 es.
1329 3448 1359 3500 p.
1374 3432 1422 3494 33,
1433 3436 1459 3485 1:

315 3532 461 3587 persequer
479 3517 573 3586 iisque
593 3518 762 3587 propositum
781 3532 837 3586 eqo.
914 3518 1005 3571 omnis
1024 3542 1058 3563 =
1076 3520 1211 3573 uniuerso
1229 3521 1265 3588 of.
1285 3520 1302 3573 1.
1323 3522 1349 3574 2.
1371 3524 1396 3574 7.
1415 3522 1459 3575 12.

314 3607 405 3661 omnia
418 3604 490 3677 quod
503 3606 539 3669 F,
554 3606 625 3676 quod
640 3606 731 3661 omnis
744 3606 806 3661 MP
813 3606 899 3677 uuho
950 3608 968 3663 4
983 3612 1013 3661 et
1028 3608 1088 3663 sine
1099 3608 1149 3663 illo
1162 3608 1233 3665 nihil
1250 3608 1363 3665 moesi:
1376 3625 1458 3679 pror·

313 3712 361 3749 oue
379 3695 450 3751 emm
468 3694 619 3751 obscuraret
636 3695 704 3750 haee
720 3696 807 3751 uerba
826 3695 992 3754 onimium
1005 3697 1231 3765 perspimeiiutem
1270 3697 1379 3755 onium
1398 3716 1459 3754 curo

313 3783 397 3853 euleu
469 3782 682 3839 ieonstetitG
770 3800 902 3855 somnone.
921 3784 1054 3841 feeiemus
1071 3785 1157 3854 eules
1229 3785 1342 3843 oneret
1359 3786 1461 3843 addidi

314 3872 331 3925 8
345 3871 442 3942 inquit,
453 3870 520 3925 deus
533 3871 670 3928 hominem
684 3871 750 3927 Gel:
764 3872 830 3927 deus
843 3872 981 3929 hominem
996 3874 1187 3943 inquitPMF
1237 3874 1459 3945 intelleoonstio

314 3959 382 4025 (scil.
406 3976 462 4027 que
480 3959 568 4029 saule
590 3965 655 4017 eost
678 3966 704 4018 ei
726 3977 792 4017 earo
814 3968 840 4018 ei
857 3962 976 4031 reliquo)
993 3980 1110 4032 magere
1128 3963 1198 4028 (soil
1218 3964 1272 4035 esi)
1290 3963 1460 4023 dismissa

316 4048 349 4103 10
368 4046 500 4119 siquidem
518 4048 604 4119 uedeo
660 4051 693 4105 14
710 4054 742 4105 ut
761 4049 941 4105 dominus-u
958 4050 1068 4106 domino
1081 4052 1181 4108 eecleei
1198 4053 1236 4119 (in
1254 4052 1307 4108 lroe
1323 4053 1460 4123 melleet:

313 4142 346 4191 ut
364 4136 492 4191 mimis
510 4153 565 4193 esee
577 4138 677 4209 poerit)
752 4140 843 4209 pessit
860 4139 955 4202 PMF,
975 4144 1070 4210 posset
1090 4139 1143 4197 δεῖ
1233 4142 1265 4197 17
1281 4141 1460 4209 oenomao

314 4224 442 4279 indicaui
496 4226 531 4283 23
550 4242 613 4281 sues
630 4227 668 4281 M
737 4232 769 4281 ut
785 4227 886 4285 seclusi
