3250 4959
356 392 416 447 vll.
435 392 601 447 Aduersus
620 394 818 447 Marcionem
836 392 883 447 lib.
903 392 932 447 11
950 394 1064 446 21-22.
1223 397 1289 459 365

130 607 269 671 neque
288 588 487 653 seruistis
508 588 609 653 illis.
635 588 791 670 serpentis
808 592 914 651 autern
930 588 1019 651 aenei
1035 588 1158 671 efligies
1178 593 1289 672 posteo

129 700 308 781 praecepta
326 694 432 777 Moysi
451 715 469 759 a
487 696 614 759 domino
635 716 696 759 non
717 696 754 758 ad
775 695 940 760 idolatriae
954 697 1086 760 titulum
1101 696 1289 779 pertinebat,

130 804 192 869 sed
224 803 265 867 ad
290 802 509 867 remediandos
539 822 603 877 eos,
634 802 687 883 qui
716 822 734 866 a
758 803 958 883 serpentibus
981 803 1222 868 infestabantur.
1257 808 1289 866 et

130 914 230 974 taceo
255 909 294 973 de
321 908 423 995 ligura
453 908 593 972 remedii.
628 910 673 973 sic
707 912 739 973 et
768 909 927 974 Cherubin
952 915 984 974 et
1010 910 1162 994 Seraphin
1195 928 1290 973 aurea

96 1017 165 1081 rin
201 1034 293 1080 arcae
325 1016 496 1099 figuratum
530 1016 723 1097 exemplum,
763 1022 849 1080 certe
887 1016 1021 1099 simplex
1059 1020 1289 1080 ornamentum.

131 1122 383 1189 adcommodata
415 1122 594 1205 suggestui,
628 1122 721 1206 longe
754 1120 898 1187 diuersas
931 1122 1075 1187 habendo
1108 1143 1221 1187 causas
1250 1123 1288 1187 ab

131 1230 306 1295 idolatriae
343 1229 535 1306 condicione,
569 1230 608 1293 ob
650 1249 743 1311 quam
785 1230 962 1294 similitudo
1000 1230 1196 1313 prohibetur,
1228 1249 1289 1294 non

132 1338 292 1401 uidentur
315 1336 560 1401 similitudinum
583 1335 815 1419 prohibitarum
838 1337 904 1420 legi
928 1336 1089 1421 refragari,
1113 1356 1174 1402 non
1198 1337 1230 1400 in
1254 1356 1290 1400 eo

132 1442 359 1508 similitudinis
380 1446 467 1507 statu
487 1442 691 1524 deprehensa,
717 1442 755 1506 ob
777 1462 872 1525 quem
891 1444 1070 1509 similitudo
1093 1444 1289 1527 prohibetur.

88 1574 113 1611 ro
134 1552 279 1614 diximus
294 1548 331 1613 de
353 1550 577 1614 sacrificiorum
598 1548 744 1613 rationali
763 1549 974 1628 institutione,
995 1553 1147 1615 auocaute
1167 1548 1291 1614 scilicet

134 1659 176 1722 ab
207 1656 304 1721 idolis
333 1656 489 1720 addeum
515 1654 618 1719 officia
647 1675 692 1734 ea,
718 1676 797 1738 quae
823 1657 850 1721 si
871 1676 983 1721 rursus
1008 1658 1143 1721 eiecerat
1167 1656 1289 1720 dicens:

135 1784 216 1846 quo
244 1764 343 1827 mihi
366 1762 679 1827 multitudinem
705 1763 1013 1827 sacrificiorum
1036 1763 1290 1829 uestrorum?

135 1874 199 1935 hoc
220 1872 325 1955 ipsum
346 1870 451 1934 uoluit
469 1867 625 1952 intellegi,
650 1869 734 1950 quod
754 1888 814 1933 non
835 1869 897 1933 sibi
917 1890 953 1933 ea
975 1870 1099 1952 proprie
1123 1870 1291 1953 exegisset.

136 1996 216 2043 nou
246 1977 348 2040 enim
376 1976 523 2051 biham,
553 1975 667 2057 inquit,
697 1976 936 2058 sanguinem
966 1979 1183 2054 taurorum,
1217 1977 1292 2057 quia

90 2090 171 2149 raet
201 2082 280 2147 alibi
308 2084 367 2146 ait:
406 2083 504 2147 deus
535 2086 730 2147 aeternus
764 2102 839 2146 nou
872 2082 1030 2146 esuriet
1061 2102 1131 2147 nec
1160 2083 1289 2148 sitiet.

135 2210 212 2255 nam
247 2190 307 2254 etsi
341 2188 380 2253 ad
413 2188 590 2254 oblationes
624 2188 733 2253 Abelis
767 2188 907 2253 aduertit
939 2199 972 2253 et
1003 2188 1190 2254 holocausta
1222 2189 1290 2254 Noe

136 2298 291 2361 odoratus
320 2300 370 2359 est
397 2296 540 2372 libenter,
574 2314 654 2377 quae
683 2294 862 2359 iocunditas
891 2296 960 2360 siue
993 2296 1154 2361 uiscerum
1187 2295 1292 2361 berbi-

135 2406 282 2468 ciuorum
294 2401 363 2467 siue
379 2402 497 2466 nidoris
509 2402 687 2466 ardentium
699 2403 922 2466 uictimarum?
947 2403 1002 2467 sed
1018 2402 1141 2467 animus
1158 2403 1291 2486 simplex

136 2514 171 2574 et
201 2510 296 2574 deum
325 2513 470 2574 metuens
500 2508 700 2574 offerentium
735 2528 780 2583 ea,
815 2528 896 2591 quae
929 2530 946 2573 a
978 2510 1035 2574 deo
1069 2510 1227 2575 habebant
1260 2518 1292 2575 et

90 2639 116 2678 so
136 2616 250 2699 pabuli
274 2619 306 2679 et
325 2618 433 2680 suauis
454 2615 601 2691 olentiae,
626 2615 745 2698 gratiae
766 2616 850 2697 apud
869 2615 962 2679 deum
983 2615 1205 2698 deputabatur,
1229 2637 1290 2682 non

136 2742 222 2805 quae
241 2721 359 2786 fiebant
377 2722 562 2805 exigentem,
588 2722 644 2786 sed
663 2720 753 2799 illud,
772 2724 902 2804 propter
926 2722 1010 2803 quod
1029 2722 1156 2800 fiebant,
1177 2725 1217 2788 oh
1236 2724 1292 2788 ho-

136 2850 248 2895 norem
278 2830 326 2894 dei
356 2830 489 2895 seilicet.
528 2830 555 2893 si
584 2830 682 2893 cliens
707 2828 800 2892 diuiti
826 2834 881 2893 aut
904 2830 972 2913 regi
995 2830 1075 2894 nihil
1099 2830 1290 2895 desideranti

136 2942 246 3001 tamen
284 2936 405 3018 aliquid
441 2936 593 3001 uilissimi
630 2935 813 3000 munusculi
856 2935 1017 3014 obtulerit,
1060 2938 1222 3018 quantitas
1260 2941 1292 3001 et

137 3042 279 3124 qualitas
307 3043 447 3107 muneris
476 3042 650 3107 infuscabit
678 3043 811 3106 diuitem
841 3046 874 3106 et
901 3062 1018 3126 regem,
1053 3062 1090 3107 an
1121 3043 1292 3107 delectabit

90 3172 118 3211 es
136 3150 257 3213 titulus
273 3148 390 3213 cilicii?
402 3152 435 3213 at
449 3149 477 3212 si
494 3148 592 3213 cliens
608 3149 636 3212 ei
652 3168 783 3214 munera
796 3149 880 3231 (uel)
895 3150 978 3213 ultro
994 3150 1047 3213 uel
1062 3149 1157 3213 etiam
1172 3150 1292 3214 indicta

137 3256 248 3320 ordine
279 3274 338 3320 suo
367 3256 478 3320 offerat
507 3260 538 3320 et
567 3256 733 3321 sollemnia
761 3258 846 3338 regis
876 3257 1035 3330 ohseruet‚
1069 3277 1129 3320 non
1163 3277 1198 3320 ex
1228 3258 1290 3322 lide

137 3368 247 3427 tamen
270 3382 327 3427 nec
352 3362 444 3427 corde
467 3382 547 3446 puro
568 3382 623 3427 nec
643 3364 736 3445 pleno
757 3364 841 3427 circa
860 3368 963 3427 cetera
983 3382 1108 3446 quoque
1128 3364 1291 3446 obsequio,

231 3486 257 3553 2]
278 3484 573 3548 11.111111,29,8-9.
631 3487 675 3554 12]
697 3485 740 3538 Es.
762 3487 848 3554 1,11.
906 3486 1006 3555 14111).
1059 3485 1291 3555 lapidamus.

141 3576 186 3643 16]
208 3574 241 3627 cl.
261 3574 327 3628 Gen.
347 3576 373 3642 4,
392 3578 418 3628 4.
492 3575 526 3628 cl.
546 3574 611 3628 Gen.
632 3575 657 3641 8,
677 3575 719 3627 21.

179 3683 191 3734 1
214 3680 315 3734 efficies
332 3680 369 3733 M
439 3682 457 3733 4
476 3678 611 3735 Chembin
637 3682 665 3734 et
685 3680 818 3749 Seraphin
838 3686 1004 3749 1111119111.
1024 3682 1059 3748 cf.
1079 3680 1170 3734 Exod.
1191 3683 1237 3743 25,
1257 3684 1293 3734 17

141 3770 229 3839 (11119)
288 3769 317 3821 11
337 3784 414 3823 areae
433 3768 579 3838 figuratum
598 3768 748 3837 exemplum
769 3769 838 3837 (scil.
859 3773 958 3836 11111.)
977 3794 1010 3814 =
1030 3767 1067 3830 εὶς
1086 3770 1189 3822 roncata
1208 3768 1292 3839 παρά-

140 3858 226 3929 δυῃια
243 3850 277 3929 ἢν
296 3864 345 3927 τῆς
363 3857 476 3925 κιβωτοῦ
560 3858 593 3910 10
613 3862 746 3911 euocentc
765 3857 852 3909 Pom:
873 3858 1012 3910 auocautis
1031 3855 1102 3922 MF,
1121 3859 1246 3909 auocanti
1264 3858 1293 3910 R

141 3947 175 3997 16
195 3944 282 3998 abelis
296 3944 338 4011 M,
358 3944 460 4000 abelR
515 3944 635 3997 aduertit
649 3945 696 4014 Rl,
716 3945 837 3999 aduertis
852 3944 924 3999 11111ι
969 3946 1000 3997 11
1015 3944 1292 4006 herbicinorumMF,

140 4033 345 4087 uernacinorum
363 4032 391 4087 R
454 4034 486 4085 21
509 4034 660 4102 exigentem
680 4050 735 4086 uon
755 4034 803 4086 dci·
826 4033 914 4087 Vliet:
935 4031 1144 4100 exigentisrlllt
1199 4034 1233 4085 22
1248 4032 1292 4086 dei

140 4121 246 4175 scilicet
266 4121 307 4185 M,
327 4121 432 4175 scilicet
451 4120 494 4173 dei
514 4120 541 4176 R
602 4123 635 4175 24
654 4122 820 4175 infuscabit.
833 4121 1016 4175 ..delectabit
1034 4119 1071 4184 11,
1090 4121 1255 4175 iniuscauit.
1269 4163 1292 4175 ..

140 4210 375 4264 (11111111111111
427 4210 461 4262 25
480 4211 525 4263 uel
545 4210 610 4264 add.
631 4212 694 4280 Eup
767 4211 870 4264 indicta
888 4212 1001 4278 scripsi:
1019 4208 1092 4262 dieta
1107 4209 1148 4278 ll,
1169 4208 1241 4265 dicto
1258 4210 1291 4273 Il,

141 4316 172 4353 ex
192 4298 283 4354 edicto
303 4299 361 4353 Lot
419 4300 452 4352 21
474 4300 677 4369 obsequiorum
698 4300 745 4353 der
769 4302 856 4354 l'lict:
878 4298 1008 4368 obsequia
1026 4299 1089 4352 11111
