3250 4959
333 448 394 503 VII.
414 448 583 505 Aduersus
602 449 802 505 Marcionem
821 451 870 507 lib.
888 450 917 504 Il
937 452 1052 505 25-26.
1204 456 1266 519 371

115 666 227 725 nunc,
256 666 299 710 ne
328 646 472 729 quando
502 646 677 711 extendat
704 664 852 710 manum
882 648 919 710 et
946 650 1072 711 sumat
1095 646 1137 711 ds
1162 648 1266 732 ligno

114 754 222 817 uitae
256 755 293 817 et
324 752 432 817 uiuat
467 752 501 817 in
540 771 682 816 aeuum.
727 752 930 833 interponens
969 753 1053 816 enim
1091 755 1134 817 ‘et
1165 756 1268 833 nunc',

115 859 294 941 praesentis
321 858 473 943 temporis
497 860 640 937 uerbum,
667 858 875 941 temporalem
901 862 934 923 et
956 859 996 923 ad
1018 878 1167 942 praesens
1191 860 1268 924 dila·

113 968 238 1031 tionem
265 966 352 1031 uitae
379 965 495 1030 facisse
519 984 553 1030 se
578 965 726 1031 ostendit.
750 965 886 1047 ideoque
909 984 966 1029 nec
994 965 1158 1031 maledixit
1179 968 1268 1050 (nec)

85 1095 95 1131 s
112 1073 223 1156 ipsum
242 1073 344 1137 Adam
362 1091 421 1137 nec
439 1073 551 1151 Euam,
575 1076 612 1137 ut
628 1071 842 1137 restitutionis
867 1071 1061 1148 candidatos,
1087 1077 1124 1136 ut
1145 1075 1268 1138 confes·

114 1182 203 1244 sione
237 1180 407 1257 releuatus,
441 1178 517 1245 Cain
550 1198 626 1244 uero
659 1182 691 1243 et
722 1178 887 1243 maledixit
919 1183 951 1242 et
983 1178 1133 1259 cupidum
1165 1185 1268 1245 morte

114 1288 202 1351 luere
224 1285 377 1351 delictum
396 1287 476 1350 mori
494 1286 620 1349 interim
639 1286 755 1363 uetuit,
779 1288 817 1349 ut
834 1289 958 1368 praeter
975 1285 1152 1350 admissum
1171 1287 1267 1351 etiam

114 1394 297 1479 negationis
317 1394 386 1458 eius
406 1398 579 1459 oneratum.
603 1392 681 1457 haec
700 1392 759 1457 erit
777 1392 956 1477 ignorantia
978 1392 1030 1457 dei
1053 1393 1163 1471 nostri,
1187 1412 1267 1477 quae

114 1500 184 1565 ideo
216 1500 431 1578 simulabitur,
455 1519 493 1564 ne
517 1499 704 1582 delinquens
731 1499 826 1563 homo
856 1498 932 1580 qnid
957 1498 1019 1563 sibi
1042 1498 1201 1582 agendum
1225 1500 1268 1563 sit

73 1628 97 1667 ιο
114 1606 251 1689 ignoret.
274 1606 330 1671 sed
354 1606 394 1670 ad
417 1604 586 1671 Sodomam
612 1609 644 1669 et
667 1603 854 1669 Gomorram
878 1604 1086 1669 descendens:
1115 1604 1267 1681 uidebo,

115 1713 168 1789 nit,
199 1713 233 1777 si
264 1712 468 1777 secundnm
497 1712 698 1775 clamorem
726 1710 1011 1792 perueniantem
1040 1710 1161 1774 adme
1186 1730 1267 1776 con·

115 1824 361 1896 summantur,
391 1819 423 1883 si
451 1838 539 1884 uero
567 1837 648 1895 non,
678 1821 719 1881 ut
747 1836 959 1901 agnoscam,
985 1821 1017 1881 et
1039 1817 1092 1881 bic
1115 1817 1268 1882 uidelicet

115 1944 150 1988 ex
172 1924 353 2009 ignorantia
376 1924 515 1989 incertus
540 1927 573 1989 et
596 1924 676 1989 scire
700 1924 847 2007 cupidus.
868 1942 907 1987 an
927 1924 991 2006 <et>
1009 1924 1060 1987 bic
1079 1943 1177 1989 sonus
1196 1943 1266 2007 pro·

114 2030 324 2096 nuntiationis
348 2032 556 2107 necessarius,
580 2050 641 2095 non
669 2029 889 2095 dubit-atinum
918 2029 974 2093 sed
1002 2031 1266 2094 comminatiuum

74 2162 98 2201 15
115 2138 294 2219 exprimens
309 2156 439 2201 sensum
454 2137 514 2201 sub
525 2135 752 2201 sciscitationis
768 2136 924 2201 obtentu?
948 2134 1062 2217 quodsi
1078 2135 1267 2200 descensum

115 2262 242 2327 quoque
263 2243 314 2307 dei
331 2242 459 2322 inrides,
476 2244 565 2325 quasi
585 2242 677 2307 aliter
694 2261 755 2306 non
775 2242 915 2324 potuerit
933 2241 1082 2323 perficere
1099 2241 1265 2319 iudicium,

115 2350 175 2415 nisi
204 2350 433 2427 descendisset,
462 2348 545 2427 uide,
570 2368 608 2413 ne
631 2353 724 2413 tuum
749 2368 848 2431 aeque
872 2349 968 2413 deum
990 2350 1109 2432 pulses.
1133 2369 1206 2414 nam
1234 2354 1267 2414 et

114 2456 165 2519 ille
190 2456 367 2535 descendit,
391 2460 428 2521 ut
451 2456 536 2538 quod
559 2456 657 2520 uellet
680 2456 831 2520 efficeret.
1142 2450 1145 2457 '

156 2566 210 2629 26.
231 2562 357 2628 ‘Sedet
379 2561 462 2627 iurat
485 2561 585 2627 deus‘.
606 2562 759 2644 numquid
778 2563 860 2626 forte
880 2582 936 2645 per
955 2562 1049 2627 deum
1068 2562 1262 2627 Marcionis?

74 2696 97 2735 ro
114 2670 244 2747 ‘immo’,
257 2670 372 2751 inquit,
386 2670 497 2735 ‘multo
512 2670 639 2747 uanius,
658 2668 743 2751 quod
757 2688 814 2750 per
829 2668 1058 2750 semetipsum’.
1072 2670 1148 2751 quid
1163 2670 1265 2734 uelles

113 2777 243 2853 iaceret,
272 2777 300 2841 si
328 2777 410 2841 alius
438 2776 516 2841 deus
545 2794 607 2841 non
632 2775 753 2839 eratin
779 2775 974 2839 conscientia
998 2776 1077 2852 eius,
1106 2776 1167 2841 hoc
1192 2796 1264 2841 cum

115 2886 251 2948 maxime
278 2884 413 2948 iurantis
441 2882 539 2947 alium
568 2882 687 2964 absquo
721 2900 754 2946 se
788 2882 916 2946 omnino
948 2901 1009 2947 non
1043 2886 1135 2947 esse?
1166 2882 1267 2965 igitur

113 2990 307 3071 peierantem
337 2988 544 3071 deprehendis
573 3007 612 3051 an
643 3008 723 3051 uene
752 2988 967 3053 deierantem?
995 2988 1051 3053 sed
1075 3007 1135 3053 non
1159 2992 1267 3071 potest

116 3096 216 3162 uideri
245 3096 405 3179 peierasse
433 3096 488 3178 qui
517 3096 616 3159 alium
645 3114 715 3159 esse
743 3114 804 3159 non
834 3095 941 3169 sciuit,
969 3100 1006 3159 ut
1034 3095 1151 3159 dicitis.
1182 3096 1265 3178 quod

74 3228 98 3267 ss
115 3204 196 3267 enim
217 3202 303 3280 sciit,
318 3203 378 3267 hoc
393 3202 535 3268 deierans
550 3222 634 3279 uere,
650 3221 713 3267 non
727 3202 892 3285 peierauit.
909 3200 964 3266 sed
979 3221 1036 3266 nsc
1051 3222 1131 3266 nane
1148 3200 1267 3265 deierat

115 3309 210 3374 alium
238 3308 331 3374 deum
355 3327 416 3374 non
440 3328 520 3375 esse.
554 3313 628 3373 tunc
653 3309 736 3373 enim
760 3328 841 3373 usne
865 3308 1026 3385 deieraret,
1052 3308 1080 3371 si
1102 3328 1163 3373 non
1187 3309 1265 3372 fnis-

116 3420 185 3480 scnt
222 3416 278 3498 qui
317 3415 396 3481 alios
430 3416 504 3481 deos
544 3415 715 3493 crederent,
748 3419 825 3479 tunc
860 3414 988 3497 quidem
1021 3416 1263 3481 simulacrorum

202 3608 230 3676 6]
252 3606 284 3662 cf.
304 3605 416 3672 Gan.4,
437 3608 478 3662 11.
525 3604 805 3669 ci.Gen.4,14.lb.
856 3607 900 3675 10]
922 3604 989 3660 Gen.
1011 3606 1054 3672 18,
1072 3606 1114 3658 21.
1164 3606 1263 3675 19]cf.

116 3694 159 3751 Es.
178 3698 223 3759 45,
244 3694 288 3751 23.

150 3816 429 3887 stemporalemffl
449 3817 597 3887 temporale
617 3798 698 3870 nilis
735 3819 822 3869 inec
842 3817 942 3869 astolidi
986 3816 1174 3869 5necham
1193 3816 1263 3883 MR,

117 3911 142 3959 et
159 3908 246 3961 Euam
269 3906 399 3961 Oebieruc
470 3906 652 3959 restitutionis
671 3904 718 3965 Ri,
738 3902 1001 3958 restitutionibus
1055 3905 1071 3957 9
1091 3904 1264 3957 simulabitur

116 3994 156 4056 Μ,
174 3994 357 4050 simulabatur
374 3995 495 4063 Ruscino
551 3996 582 4047 11
604 3998 824 4048 consummantur
837 3994 873 4045 M
885 3994 930 4062 (=
946 3991 1146 4060 συντελῶνται),
1166 4010 1263 4045 consu-

116 4084 270 4143 mauturii,
290 4082 562 4137 consummentan
618 4084 651 4135 1¹2
671 4098 824 4151 agnoscam.
845 4084 873 4134 et
893 4080 974 4150 culpo
1024 4080 1056 4133 13
1076 4080 1209 4149 cupidus?
1229 4098 1262 4133 an

116 4172 195 4242 arrigo
252 4178 281 4226 et
300 4172 401 4225 odd-idi
454 4172 488 4226 ab
509 4172 581 4241 qnod
601 4173 687 4225 multo
707 4172 802 4225 uanius
823 4170 876 4225 Urs
929 4171 1013 4223 uelles
1032 4170 1135 4223 iaceret
1152 4172 1260 4238 scripsi:

117 4261 198 4315 uellet
208 4262 311 4316 iaceret
320 4260 402 4329 MR¹‚
412 4262 497 4315 uellet
507 4260 593 4314 facere
604 4260 644 4314 Ii3
688 4262 722 4313 23
733 4279 765 4313 an
777 4261 825 4323 iii,
841 4260 873 4312 ad
885 4258 959 4312 MR¹
1003 4262 1037 4313 25
1052 4260 1116 4312 sciit
1124 4260 1198 4327 Eup:
1210 4260 1263 4312 scit

117 4348 175 4403 ilii
229 4334 364 4419 peierauit
374 4350 411 4401 M
421 4352 460 4419 (ni
476 4368 496 4405 s.
509 4366 533 4401 n.
550 4349 615 4404 add.
631 4366 664 4402 m.
675 4354 698 4417 i)
753 4366 802 4402 nce
819 4366 888 4402 nane
899 4348 968 4417 MR,
984 4366 1036 4401 non
1052 4364 1119 4401 nane
1134 4346 1263 4401 Oeblerus

1174 4454 1223 4505 24*
