3250 4959
418 421 478 474 Vll.
497 420 666 475 Aduersus
685 420 887 475 Marcionem
904 420 951 475 lib.
970 420 997 473 11
1018 420 1059 473 16.
1261 422 1326 485 357

177 619 243 681 erit
270 622 302 681 et
330 618 426 681 animi
455 616 554 681 diuini
582 622 614 681 et
641 616 771 680 humani
799 616 973 681 differentia
1007 616 1066 679 sub
1100 614 1219 679 eisdem
1251 615 1329 678 licet

176 724 348 791 uocabulis
381 745 543 801 sensuum,
579 744 657 807 quos
687 731 750 789 tarn
785 723 999 806 corruptorios
1024 722 1123 787 elficit
1145 723 1176 785 in
1200 721 1327 786 homine

178 832 430 915 corruptibilitas
451 832 648 896 substantiae
668 832 824 895 humanae
842 850 937 913 quam
956 828 1203 911 incorruptorios
1222 827 1327 891 indeo

179 937 281 1003 efficit
294 938 576 1022 incorruptibilitas
592 938 789 1003 substantiae
805 937 942 1003 diuinae.
962 940 1046 1000 certe
1062 936 1154 999 deum
1171 932 1328 998 confiteris

138 1048 365 1109 seruatorem.
409 1050 503 1121 certe,
537 1045 653 1127 inquio.
696 1043 858 1127 quomodo
890 1064 963 1127 ergo
997 1043 1029 1107 in
1062 1042 1120 1107 deo
1153 1042 1327 1105 humanum
1399 1077 1402 1082 >

178 1152 302 1235 aliquid
334 1153 508 1229 existimas,
542 1156 574 1215 et
601 1171 661 1216 non
696 1151 840 1217 diuinum
870 1155 982 1214 omne?
1020 1168 1115 1231 quem
1143 1148 1238 1211 deum
1266 1166 1327 1209 non

178 1279 278 1343 negas
314 1259 472 1325 confiteris
510 1278 571 1323 non
612 1258 794 1331 humanum,
833 1257 992 1339 siquidem
1025 1256 1118 1320 deum
1151 1252 1327 1319 confitendo

178 1366 405 1448 praeiudicasti
433 1366 544 1448 utique
572 1366 664 1430 illum
694 1364 732 1429 ab
758 1364 844 1428 omni
871 1364 1081 1428 humanarum
1105 1361 1327 1427 condicionum

179 1472 335 1555 qualitate
363 1472 534 1536 diuersum.
571 1490 662 1555 porro
694 1490 766 1535 cum
795 1471 915 1553 pariter
942 1489 1097 1553 agnoscas
1125 1469 1285 1532 hominem
1309 1484 1328 1529 a

125 1604 157 1644 ro
179 1580 239 1645 deo
271 1579 416 1643 inflatum
447 1580 479 1643 in
508 1579 644 1642 animam
668 1577 788 1653 uiuam,
812 1598 875 1641 non
900 1577 994 1641 deum
1019 1577 1056 1640 ab
1082 1574 1219 1648 homine,
1249 1572 1326 1636 satis

178 1704 366 1771 peruersum
390 1690 448 1761 est,
477 1689 515 1749 ut
537 1686 567 1749 in
592 1685 648 1748 deo
678 1685 787 1768 potius
815 1685 951 1749 humana
977 1683 1152 1747 constituas
1177 1698 1269 1761 quam
1294 1679 1325 1740 iu

178 1792 306 1855 homine
330 1791 448 1869 diuina,
474 1796 505 1855 et
528 1791 664 1855 bominis
688 1790 861 1873 imaginem
885 1790 943 1854 deo
963 1789 1076 1853 induas
1100 1787 1208 1871 potius
1232 1804 1327 1865 quam

179 1897 232 1961 dei
255 1897 385 1961 homini.
422 1901 455 1961 et
476 1898 553 1961 haec
577 1916 651 1981 ergo
674 1897 780 1981 imago
805 1896 962 1961 censenda
986 1902 1035 1960 est
1058 1896 1108 1959 dei
1131 1895 1163 1958 in
1187 1892 1326 1970 homine,

180 2004 265 2086 quod
295 2004 422 2069 eosdem
451 2008 557 2068 motus
587 2009 619 2067 et
641 2022 754 2067 sensus
778 2003 894 2067 habeat
917 2004 1041 2067 animus
1065 2002 1222 2066 humanus
1247 2018 1327 2080 quos

128 2132 157 2172 ia
179 2116 213 2174 et
231 2110 320 2188 deus,
344 2110 421 2175 licet
443 2130 503 2175 non
527 2112 617 2189 tales,
641 2110 753 2191 quales
778 2110 872 2185 deus;
905 2129 960 2193 pro
985 2108 1165 2174 substantia
1188 2107 1270 2171 enim
1295 2109 1328 2169 et

178 2221 284 2281 status
299 2236 407 2281 eorum
423 2220 455 2281 et
468 2219 570 2283 exitus
586 2218 714 2281 distant.
738 2217 873 2299 denique
888 2217 1062 2280 contrarios
1077 2235 1184 2280 eorum
1201 2232 1325 2289 sensus,

176 2325 342 2389 lenitatem
370 2323 441 2389 dico
473 2325 659 2407 patientiam
688 2324 938 2388 misericordiam
965 2324 1131 2405 ipsamque
1162 2320 1326 2386 matricem
1384 2347 1390 2363 =

178 2452 287 2497 earum
311 2432 497 2509 bonitatem,
523 2450 578 2495 cur
601 2430 709 2495 diuina
727 2431 953 2513 praesumitis?
977 2451 1034 2494 nec
1058 2436 1163 2494 tamen
1188 2427 1326 2510 perfecte

177 2558 216 2603 ea
239 2539 432 2615 obtinemus,
456 2540 530 2620 quia
554 2538 641 2602 solus
667 2538 743 2602 detis
769 2539 940 2620 perfectus,
976 2538 1023 2601 ita
1046 2542 1078 2601 et
1099 2536 1171 2599 illas
1192 2534 1325 2618 species,

128 2668 156 2709 so
177 2647 242 2710 irae
271 2645 341 2710 dico
371 2649 402 2709 et
429 2646 687 2726 exasperationis
720 2664 781 2708 non
811 2649 877 2707 tam
904 2645 1041 2707 feliciter
1067 2643 1216 2725 patimur,
1251 2641 1326 2721 quia

177 2754 266 2817 solus
296 2752 374 2817 deus
407 2751 445 2815 de
477 2751 788 2834 incorruptibilitatis
822 2751 1015 2833 proprietate
1047 2750 1130 2813 felir.
1171 2749 1326 2813 irascetur

177 2859 272 2935 enim,
288 2858 342 2924 sed
359 2878 417 2923 non
431 2878 463 2934 a,
475 2858 721 2936 exacerbabitur,
734 2858 790 2921 sed
804 2877 866 2921 nou
881 2856 1122 2939 periclitabitur,
1133 2854 1325 2932 monebitur,

176 2963 235 3028 sed
258 2982 318 3028 non
338 2969 509 3043 euertotur.
535 2964 640 3027 omnia
659 2982 788 3027 necesse
813 2968 864 3025 est
886 2962 1035 3026 adhibeat
1057 2966 1187 3043 propter
1210 2960 1325 3035 omnia,

175 3074 228 3134 tot
249 3090 362 3134 sensus
386 3074 464 3151 quot
487 3080 519 3133 et
537 3088 663 3135 causas:
689 3070 817 3132 stiram
843 3072 972 3152 propter
994 3069 1148 3133 scelestos
1173 3072 1205 3130 et
1227 3066 1324 3131 bilem

128 3196 156 3235 aa
175 3180 306 3260 propter
322 3176 464 3261 ingratos
484 3182 516 3240 et
534 3177 778 3242 aemulationem
798 3181 926 3258 propter
944 3177 1097 3259 superbos
1118 3181 1150 3240 et
1173 3172 1324 3256 quicquid

175 3304 239 3348 non
253 3284 379 3365 expedit
392 3283 494 3347 malis.
510 3284 555 3347 sic
571 3288 603 3347 et
617 3283 865 3347 misericordiam
877 3286 1003 3365 propter
1014 3285 1152 3345 errantes
1164 3286 1195 3343 et
1204 3281 1325 3363 patien-

174 3392 255 3454 tiam
269 3394 398 3473 propter
410 3392 432 3473 †
442 3409 502 3455 non
517 3390 722 3473 respicientes
737 3393 768 3455 et
783 3391 1008 3473 praestantiam
1026 3393 1153 3472 propter
1167 3391 1323 3451 merentes

216 3602 336 3657 ldiuini
351 3602 398 3662 It³.
418 3602 548 3655 diuinitas
563 3602 636 3655 MIt¹
692 3602 756 3655 licet
777 3619 825 3654 uo·
844 3600 998 3654 iarael!
1036 3602 1068 3653 12
1088 3600 1233 3668 imaginem
1253 3595 1324 3655 ΜΓ,

176 3692 297 3761 imagine
316 3690 437 3759 Ruulpo
528 3689 578 3744 deo
597 3691 709 3758 scripsi:
728 3690 808 3743 deum
827 3690 889 3743 ΜΕ
975 3689 1072 3742 induas
1091 3688 1126 3754 F,
1145 3687 1244 3740 tubuas
1263 3686 1325 3738 ΜΗ

178 3784 211 3836 13
231 3781 336 3835 homini
354 3778 423 3843 MP,
442 3778 579 3833 bominem
599 3779 719 3846 Ruulpo
793 3779 826 3830 14
850 3779 955 3830 animus
979 3778 1111 3830 humanus
1129 3776 1172 3842 M,
1189 3776 1324 3828 humanus

177 3871 283 3925 animus
302 3870 421 3938 Itaulpo
467 3870 501 3923 20
516 3870 571 3923 irae
591 3868 650 3921 dico
672 3868 716 3931 13³,
736 3868 861 3937 praedico
877 3867 951 3920 alle
996 3868 1030 3919 22
1050 3867 1180 3919 lemanum
1198 3865 1325 3933 sigrium:

177 3959 384 4013 conturbabitur
395 3960 454 4011 ciue
468 3958 657 4011 exturbabitur
670 3957 754 4025 (neap)
771 3958 816 4010 nel
830 3958 886 4009 tale
901 3956 1010 4025 atiquid
1022 3954 1163 4008 intercidit
1208 3955 1242 4006 24
1257 3958 1325 4022 quot

177 4052 206 4102 et
225 4065 330 4103 causae
348 4050 450 4115 <aunt>
461 4050 532 4115 sort.
588 4048 668 4100 bilem
684 4046 765 4109 MR&
781 4046 995 4100 exacerbabilem
1008 4045 1076 4099 R³G
1122 4043 1323 4111 27nonrespi·

178 4138 281 4191 cientes
304 4136 377 4202 MR,
399 4152 453 4189 non
476 4136 666 4205 resipiscentes
689 4136 775 4200 Pom;
795 4152 841 4203 opo
864 4152 917 4187 non
943 4134 1088 4187 delmdm
1111 4133 1271 4199 putauerim
1299 4136 1325 4185 ct

176 4226 290 4280 uerbum
307 4225 471 4293 respiciendi
490 4226 727 4293 vinterpretandum
745 4224 894 4277 sectandum
913 4224 980 4277 Luc
1003 4227 1027 4286 9,
1046 4227 1084 4275 62
1155 4221 1326 4289 praestantia

177 4340 211 4361 =
230 4310 376 4384 προστασία
393 4314 539 4384 Frtrsorpe‚
559 4314 660 4368 Sobata
678 4320 709 4366 ut
727 4314 853 4377 arideum,-
870 4314 905 4380 cs.
920 4318 1033 4380 praesto
1052 4326 1107 4364 esse
1126 4311 1213 4363 alicui
1254 4334 1258 4341 ·
