3250 4959
428 373 490 428 VII.
509 371 676 428 Aduersus
695 374 893 430 Marcionem
912 377 960 431 lib.
979 375 1006 431 11
1026 377 1103 434 6-7.
1278 382 1345 445 343

190 574 286 633 tuere
310 567 468 637 debuisse,
498 568 573 650 quia
596 568 689 632 aliter
712 587 806 650 quarn
831 568 889 632 deo
919 568 1045 633 deceret
1072 571 1186 647 euasit,
1215 570 1272 635 sed
1301 571 1346 635 di·

192 677 318 759 specto,
343 674 486 756 quisita
508 674 654 738 debuerit
676 675 853 752 instituere,
879 675 970 740 saluo
995 695 1030 741 eo
1055 677 1140 758 qued
1165 677 1347 761 dispectum

194 785 248 846 est
275 787 381 845 cetera
411 782 580 864 explorare.
606 786 746 845 ceterum
772 782 864 846 facile
889 786 939 846 est
962 782 1155 847 offendentes
1180 785 1292 848 statim
1314 785 1346 848 in

192 886 334 951 bominis
361 887 494 965 ruinam,
527 890 696 968 antequam
734 886 950 951 condicionem
985 889 1053 952 eius
1086 889 1288 971 inspexerint,
1313 891 1343 954 in

151 1017 170 1059 s
195 997 360 1059 auctorem
380 994 493 1057 referre
513 994 598 1076 quod
618 992 744 1070 accidit,
769 994 843 1075 quia
862 1013 921 1058 nec
941 995 1079 1059 auctoris
1104 996 1279 1062 examinata
1302 999 1346 1062 sit

192 1101 283 1165 ratio.
322 1100 457 1181 denique
485 1103 517 1163 et
545 1101 670 1165 bonitas
699 1099 749 1165 dei
779 1101 991 1184 apn‘mordio
1022 1121 1150 1184 operum
1179 1107 1346 1186 perspecta

193 1207 400 1290 persuadebit
412 1207 492 1270 nihii
508 1226 525 1269 a
540 1206 598 1272 deo
613 1208 689 1271 mali
705 1209 831 1272 euenire
845 1207 1000 1290 potuisse,
1017 1211 1048 1272 et
1062 1209 1192 1274 libertas
1208 1210 1346 1276 hominis

193 1315 371 1398 recogitata
399 1333 432 1377 se
461 1314 570 1394 potius
598 1333 684 1377 rearn
718 1313 864 1379 ostendet
896 1314 1009 1397 <eius,>
1042 1315 1126 1396 quod
1158 1316 1228 1400 ipse
1261 1336 1345 1381 com-

193 1421 296 1486 misit.

141 1555 171 1594 lu
242 1531 269 1592 7.
292 1529 362 1594 Hac
381 1529 562 1593 definitione
583 1529 689 1594 omnia
708 1529 766 1593 deo
786 1529 876 1593 salua
900 1534 987 1594 sunt:
1008 1534 1040 1594 et
1058 1533 1169 1594 nature
1189 1531 1341 1595 bonitatis

194 1642 228 1700 et
241 1638 321 1701 ratio
341 1636 561 1719 dispositionis
582 1640 615 1699 et
628 1636 855 1717 praescientiae
875 1639 907 1700 et
918 1639 1078 1719 potentiae
1098 1639 1197 1720 copia.
1222 1638 1344 1721 erigere

194 1749 301 1807 tamen
317 1762 336 1806 a
350 1743 408 1808 deo
424 1743 521 1807 debes
540 1747 573 1807 et
587 1743 779 1824 grauitatem
800 1763 957 1807 summanr
979 1747 1011 1808 et
1028 1743 1122 1808 fidem
1143 1744 1345 1827 praecipuam

194 1851 227 1914 in
248 1852 333 1915 omni
352 1851 552 1915 institutione
576 1852 656 1927 eius,
680 1854 717 1914 ut
740 1850 865 1915 desinas
890 1869 1049 1932 quaerere,
1074 1870 1112 1914 an
1137 1850 1194 1915 deo
1218 1851 1345 1915 nolente

194 1957 336 2040 potuerit
363 1957 438 2039 qnid
467 1957 603 2021 euenire.
641 1960 752 2020 tenens
781 1957 864 2020 enim
895 1958 1084 2040 manitatem
1111 1961 1143 2022 et
1165 1957 1259 2020 fidem
1285 1957 1345 2030 dei,

144 2087 174 2127 ιε
194 2063 286 2127 bonis
306 2066 338 2127 et
355 2062 563 2127 rationalibus
582 2062 840 2127 institutionibus
860 2064 928 2128 eius
948 2062 1166 2140 uindicandas,
1186 2081 1243 2127 nec
1264 2063 1346 2127 illud

193 2169 369 2243 miraberis,
391 2169 474 2252 quod
493 2169 571 2232 deus
592 2189 653 2233 non
672 2169 889 2234 intercesserit
908 2167 1061 2233 aduersus
1081 2188 1128 2246 ea,
1149 2187 1228 2250 quae
1243 2170 1346 2234 noluit

194 2277 333 2355 euenire,
357 2280 393 2341 nt
416 2280 782 2356 conserua1·etea,quae
806 2276 920 2340 uoluit.
947 2275 1076 2340 sienim
1102 2277 1201 2340 semel
1224 2276 1345 2340 bomini

193 2385 383 2466 permiserat
396 2383 517 2447 arbitrii
531 2383 711 2446 libertatem
732 2385 764 2446 et
777 2385 972 2464 potestatem
989 2386 1021 2444 et
1036 2381 1130 2465 digne
1146 2382 1343 2464 permiserat,

194 2492 280 2554 sicut
309 2489 516 2568 ostendimus,
549 2491 661 2570 utique
694 2488 841 2553 fruendas
876 2508 927 2553 eas
962 2509 996 2552 ex
1030 2489 1099 2569 ipsa
1131 2489 1346 2555 institutionis

143 2624 175 2664 eo
195 2598 383 2662 auctoritate
398 2597 593 2679 permiserat,
614 2595 762 2659 fruendas
778 2599 896 2673 autem,
917 2599 1069 2676 quantum
1085 2596 1115 2659 in
1131 2595 1212 2676 ipso,
1234 2615 1343 2660 secun-

194 2704 272 2768 durn
289 2705 407 2785 ipsum,
430 2704 463 2767 id
484 2706 534 2767 est
552 2701 728 2766 secundum
748 2702 853 2773 deum,
877 2702 909 2766 id
935 2705 984 2766 est
1007 2701 1038 2765 in
1057 2701 1186 2778 bonurn,
1207 2703 1341 2784 —quis

193 2811 277 2874 enim
311 2810 466 2875 aduersus
499 2829 534 2874 se
566 2810 730 2892 permittet
763 2808 905 2892 aliquid?
939 2847 982 2855 —
1016 2813 1168 2890 quantum
1203 2827 1277 2873 uero
1311 2809 1341 2871 in

190 2918 329 2995 bomine,
353 2919 527 2983 secundum
550 2921 657 2980 motus
685 2917 842 2980 libertatis
871 2917 984 2999 ipsius,
1009 2953 1051 2961 ω
1076 2916 1147 2998 quis
1172 2915 1255 2980 onim
1279 2935 1339 2979 non

190 3026 251 3090 boo
270 3027 411 3109 praestat
429 3025 468 3099 ei,
493 3025 544 3088 cui
565 3023 641 3105 quid
661 3025 759 3086 semel
778 3022 840 3086 frui
853 3025 1012 3106 praestat,
1037 3027 1074 3086 ut
1097 3042 1152 3106 pro
1178 3023 1282 3086 animo
1308 3026 1342 3085 et

140 3155 171 3196 as
191 3133 321 3197 arbitrio
340 3149 398 3195 suo
418 3132 562 3195 fruatur?
586 3167 629 3176 —
649 3130 749 3214 igitur·
767 3149 965 3210 consequeus
985 3136 1062 3206 erat,
1087 3130 1134 3192 uti
1154 3129 1231 3194 deus
1257 3147 1340 3193 sece-

190 3239 279 3303 deret
301 3257 319 3302 a
341 3238 488 3302 libertate
517 3239 615 3302 semel
638 3256 789 3301 concessa
812 3237 943 3312 homiui,
972 3236 1004 3299 id
1033 3241 1083 3300 est
1106 3235 1283 3299 contineret
1306 3236 1335 3297 in

189 3346 363 3429 semetipso
391 3349 424 3409 et
449 3344 693 3427 praescientiam
721 3346 753 3406 et
781 3345 1032 3425 praepotentiam
1056 3361 1156 3416 suam,
1181 3361 1236 3424 per
1260 3359 1337 3421 quas

186 3453 408 3518 intercessisse
427 3451 598 3534 potuisset,
622 3451 792 3532 quominus
814 3449 908 3513 homo
928 3450 1009 3512 male
1030 3450 1175 3513 libertate
1195 3467 1252 3510 sna
1276 3449 1337 3510 frui

189 3559 360 3644 adgressus
379 3559 409 3621 in
430 3557 606 3639 periculum
625 3555 796 3620 laberetur.
825 3556 851 3618 si
873 3555 953 3619 eninr
975 3555 1219 3628 intercessisset,
1244 3554 1336 3618 resci-

139 3691 169 3730 so
189 3667 291 3731 disset
309 3665 430 3730 arbitrii
448 3664 640 3740 libertatem,
665 3682 759 3744 quam
783 3662 905 3726 ratione
930 3666 961 3725 et
980 3661 1120 3725 bonitate
1139 3661 1335 3742 permiserat.

188 3773 325 3855 denique
344 3776 421 3855 puta
439 3770 670 3848 intercessisse,
694 3775 773 3850 puta
790 3769 962 3832 rescidisse
982 3769 1073 3832 ilium
1099 3767 1219 3830 arbitrii
1243 3767 1335 3830 liber-

225 3998 411 4068 lquiaLat:
431 3998 476 4066 qui
495 3997 557 4049 Ma
630 3996 679 4048 deo
698 3993 772 4053 iiRl.
793 3995 872 4047 deum
891 3993 1024 4061 Rirrulpo
1079 3991 1243 4044 Sostendet
1262 3989 1335 4044 Lat.-

187 4088 308 4142 ostendit
325 4087 388 4141 MR
442 4088 500 4140 eiua
520 4085 586 4140 cdd.
601 4085 664 4152 Eup
721 4085 752 4135 13
772 4083 857 4150 utM,
879 4083 948 4137 etIt
1004 4082 1036 4133 15
1056 4080 1135 4134 bonis
1155 4085 1183 4133 et
1202 4081 1248 4148 (cf.
1265 4085 1332 4143 344,

185 4181 232 4240 18)
251 4178 363 4244 scripsi:
381 4177 447 4229 boni
465 4175 513 4228 sed
533 4173 594 4226 MR
653 4175 686 4226 27
707 4173 853 4242 semetipso
873 4173 914 4234 M,
935 4172 993 4241 ipso
1012 4169 1040 4223 R
1094 4169 1127 4223 31
1149 4169 1333 4223 intercessisse

185 4267 222 4333 B,
240 4267 433 4321 intercessione
453 4264 487 4316 Μ
