3250 4959
424 394 484 471 vllj
504 416 674 470 Aduersus
692 414 891 470 Marcionem
910 416 958 469 lib.
977 416 1019 470 111
1040 419 1118 474 2-3.
1279 421 1344 485 379

193 612 388 695 probaturus
420 630 476 693 per
508 611 697 676 documenta
730 611 909 675 uirtutum’.
934 615 967 676 at
999 632 1057 695 ego
1090 614 1211 699 negabo
1245 614 1346 679 solam

194 718 279 782 hanc
305 718 354 783 illi
382 718 521 801 speciem
550 718 590 782 ad
616 717 838 783 testimonium
866 719 1067 799 competisse,
1097 739 1191 802 quam
1219 721 1346 803 etipse

194 824 402 908 postmodum
422 824 649 889 exauctorauit.
674 822 830 906 siquidem
850 823 976 889 edicens
994 827 1115 890 multos
1138 830 1291 891 uenturos
1315 829 1347 890 ot

195 932 289 1015 signa
302 932 443 997 lecturos
454 935 487 995 et
497 931 633 996 uirtutes
649 949 779 1014 magnas
795 929 937 995 edituros
951 932 1023 1014 (ad)
1037 932 1234 998 auersionem
1250 932 1346 996 etiam

159 1039 382 1115 selectorum,
406 1056 464 1102 nee
485 1038 557 1102 ideo
583 1040 687 1102 tamen
711 1037 936 1114 admittendos,
959 1039 1160 1103 temerariam
1183 1038 1346 1123 signonrm

196 1148 230 1208 et
248 1144 405 1210 uirtutum
424 1144 519 1209 fidem
538 1144 687 1221 ostendit,
706 1147 744 1209 ut
762 1144 858 1209 etiam
877 1145 961 1229 apud
980 1145 1240 1227 pseudochristos
1258 1146 1344 1210 iacil-

196 1250 356 1315 limarum.
382 1256 437 1315 aut
461 1250 553 1333 quale
578 1254 637 1328 est,
662 1250 690 1315 si
713 1250 785 1315 inde
809 1269 844 1316 so
868 1251 972 1316 uoluit
995 1252 1120 1333 probari
1144 1255 1177 1317 et
1202 1252 1346 1337 intellegi

195 1361 229 1420 et
257 1357 365 1440 recipi,
399 1376 435 1421 ex
462 1358 636 1423 uirtutibus
666 1356 747 1433 dico,
780 1357 864 1421 unde
893 1362 1015 1423 ceteros
1042 1358 1154 1436 noluit,
1186 1377 1287 1440 aeque
1315 1365 1347 1423 et
1458 1394 1460 1399 ·

195 1463 286 1546 ipsos
310 1466 376 1527 tam
401 1463 508 1529 subito
532 1466 685 1528 uenturos
709 1481 802 1545 quem
827 1482 846 1527 a
869 1464 956 1529 nullo
980 1467 1109 1529 auctore
1128 1465 1346 1547 praedicatos?

148 1589 176 1628 ιο
196 1571 224 1632 si
250 1570 325 1651 quia
346 1569 431 1653 prior
458 1570 503 1634 eis
528 1571 616 1635 uenit
638 1574 671 1635 et
693 1570 779 1652 prior
801 1571 961 1635 uirtutum
984 1570 1173 1636 documenta
1196 1570 1347 1655 signauit,

195 1676 325 1752 idcireo,
354 1676 446 1757 quasi
469 1676 575 1741 locum
599 1678 631 1741 in
655 1676 787 1754 balneis,
816 1676 862 1741 ita
884 1676 979 1741 fidem
1004 1678 1182 1761 occupauit,
1210 1678 1346 1759 posteris

195 1781 376 1864 quibusque
389 1782 574 1865 praeripuit,
590 1782 674 1861 uide,
689 1802 728 1847 ns
747 1786 779 1848 et
797 1783 866 1865 ipse
885 1783 917 1847 in
937 1784 1119 1851 condicione
1133 1783 1343 1866 posteriorum

196 1888 460 1971 deprehendatur,
489 1888 648 1973 posterior
679 1889 829 1953 inuentus
858 1893 1007 1966 creatore,
1035 1894 1108 1954 ante
1132 1890 1195 1955 iam
1219 1891 1346 1974 cognito

197 1999 230 2059 et
257 1995 389 2077 proinde
416 1995 553 2060 uirtutes
588 1999 659 2060 ante
693 2000 820 2078 operato
849 1999 881 2060 et
907 2015 968 2062 nou
997 1996 1089 2060 aliter
1114 1996 1256 2079 praelato
1283 2015 1344 2060 non

149 2122 177 2165 rs
197 2120 268 2167 esse
301 2102 372 2167 aliis
405 2101 608 2179 credendum,
640 2105 715 2184 post
747 2120 821 2165 eum
855 2100 989 2167 scilicet.
1021 2102 1122 2186 igitur
1153 2103 1181 2167 si
1209 2101 1346 2186 priorem

196 2208 324 2273 uenisse
345 2211 377 2273 et
395 2208 530 2292 priorem
551 2208 588 2272 de
607 2208 744 2291 posteris
763 2208 984 2290 pronuntiasse
1003 2209 1064 2273 hoc
1081 2208 1175 2272 fidem
1190 2210 1213 2291 †
1227 2208 1345 2287 cludet,

195 2314 440 2397 praedamnatus
461 2315 521 2379 erit
544 2316 664 2397 etipse
683 2316 745 2380 iam
765 2314 804 2378 ab
825 2334 873 2393 eo,
892 2332 954 2396 quo
973 2315 1132 2395 posterior
1142 2318 1194 2379 est
1206 2315 1345 2399 agnitus,

197 2424 230 2485 et
253 2420 352 2485 solius
377 2422 437 2486 erit
459 2422 631 2486 auctoritas
655 2408 805 2485 'creatoris
829 2422 889 2485 hoe
907 2422 938 2484 in
957 2423 1102 2502 posteros
1121 2422 1345 2497 constituendi,

197 2527 253 2610 qui
279 2528 366 2593 nullo
390 2528 547 2611 posterior
569 2548 592 2592 se
616 2545 677 2592 non
700 2528 817 2610 potuit.
844 2528 908 2591 iarn
936 2546 1029 2603 nunc,
1058 2546 1131 2591 cum
1154 2528 1344 2610 probaturus

149 2657 178 2700 so
197 2634 259 2697 sim
287 2637 457 2699 creatorem
487 2633 614 2698 easdem
642 2634 791 2710 uirtutes,
821 2653 899 2715 quas
929 2634 1013 2698 solas
1037 2634 1077 2697 ad
1099 2634 1194 2699 fidem
1219 2633 1344 2698 Christo

197 2742 253 2803 tno
280 2739 433 2815 uindices,
457 2740 616 2805 interdum
639 2760 695 2823 per
717 2740 855 2803 famulos
880 2758 956 2804 suos
979 2742 1062 2804 retro
1087 2739 1225 2804 edidisse
1251 2740 1345 2804 inter·

196 2845 271 2910 dum
291 2866 346 2928 per
365 2846 527 2928 Christum
548 2867 643 2912 suum
663 2846 799 2911 edendas
820 2846 1006 2923 destinasse,
1027 2866 1159 2930 possum
1179 2851 1212 2911 et
1230 2865 1266 2911 er
1284 2848 1344 2912 hoc

194 2951 308 3015 merito
327 2953 540 3034 praescribere
559 2956 648 3016 tanto
669 2953 770 3037 magis
791 2950 954 3017 Christum
972 2954 1097 3035 (tuum)
1120 2971 1181 3018 non
1205 2972 1242 3017 er
1265 2952 1344 3017 solis

195 3058 370 3123 uirtutibus
381 3060 572 3123 credendum
587 3059 697 3135 fuisse,
709 3063 825 3142 questo
835 3059 927 3123 illum
939 3079 1000 3123 non
1012 3060 1143 3124 alterius
1155 3079 1250 3141 quam
1261 3076 1345 3123 orea-

148 3188 176 3229 ss
195 3164 273 3228 toris
291 3165 490 3248 interpretari
505 3166 695 3248 potuissent,
711 3170 749 3230 ut
761 3167 988 3249 respondentes
1002 3168 1178 3232 uirtutibus
1194 3169 1342 3232 creatoris

196 3273 228 3333 et
251 3270 344 3336 editis
368 3292 424 3355 per
447 3273 585 3337 famulos
610 3292 686 3337 suos
712 3276 745 3336 et
766 3274 797 3336 in
823 3273 985 3337 Christum
1010 3293 1105 3338 suum
1128 3274 1342 3354 repromissis,

195 3396 397 3460 quanrquam,
422 3382 454 3443 et
477 3380 504 3442 si
529 3379 591 3442 alia
615 3378 804 3443 documenta
827 3378 1045 3443 inuenirentur
1068 3381 1098 3443 in
1124 3382 1179 3443 tuo
1204 3379 1342 3457 Christo,

283 3500 311 3566 ll
333 3498 469 3555 cillere.
492 3500 532 3566 13,
552 3502 594 3553 22.
616 3501 649 3553 cf.
669 3500 768 3555 Matth.
788 3500 833 3567 24,
852 3502 898 3556 24.

230 3606 245 3657 3
257 3606 451 3667 exauctorauit,
462 3606 596 3675 siquidem
606 3608 689 3676 arripe
726 3608 743 3661 4
754 3606 788 3660 ad
800 3606 937 3675 uddlt'em
972 3606 1155 3668 scelerosis,
1168 3606 1263 3659 ceteris
1269 3605 1342 3659 11111ι

196 3694 225 3745 11
248 3695 287 3747 ita
302 3694 396 3763 (sibi)
406 3696 477 3763 fort.
525 3697 559 3749 14
578 3712 630 3748 non
651 3696 732 3749 aliter
749 3694 821 3755 MR,
840 3696 1014 3749 nominaliter
1028 3697 1094 3756 Iun,
1113 3694 1271 3748 nominatim
1285 3694 1344 3747 Lat

197 3783 231 3835 15
251 3783 274 3834 si
287 3782 369 3851 MR³‚
389 3785 427 3836 sic
440 3783 479 3837 R²
537 3785 568 3837 16
589 3784 679 3837 cludet
693 3784 762 3852 MR,
783 3784 875 3836 eludet
888 3784 924 3849 F,
944 3783 1069 3837 excludet
1081 3785 1151 3852 fort.
1171 3785 1216 3849 (ca
1230 3798 1284 3850 qaeu
1299 3783 1344 3834 reli

194 3872 262 3925 solet
281 3876 379 3926 auctor
395 3872 613 3941 siginificnlionc:
628 3874 776 3926 uasbrrilen
792 3898 825 3917 =
840 3873 1071 3940 irercorbrinperr),
1092 3872 1172 3925 cudet
1186 3872 1294 3939 (cu-dere
1308 3899 1341 3919 z

190 3962 307 4027 prrip‘en)
326 3960 392 4029 Eup
439 3962 470 4013 11
492 3978 544 4029 quo
564 3960 634 4029 MR,
655 3961 726 4030 quod
743 3961 795 4015 Gel
808 3962 892 4029 ruulyo
941 3962 973 4013 18
988 3966 1111 4029 posteros
1125 3959 1236 4021 ΜΝ,
1251 3965 1341 4028 poste-

193 4048 231 4101 ris
244 4048 283 4101 11ι
340 4050 373 4102 19
387 4050 517 4104 laccorum
530 4052 657 4119 sipauui:
676 4050 863 4119 praedamnari
882 4049 1005 4103 desidero
1077 4066 1130 4102 non
1149 4050 1240 4117 potuit
1257 4049 1341 4108 MR1,

195 4152 253 4189 esse
271 4137 508 4208 potuitR³uulpo
564 4141 597 4192 23
616 4143 692 4191 tuum
713 4139 813 4191 addidi
867 4140 901 4191 25
921 4139 1094 4207 interpretari
1113 4162 1146 4182 z
1162 4138 1291 4205 probare,
1311 4144 1342 4192 ut

194 4226 312 4293 m'dciar,
334 4227 393 4280 uisi
413 4229 496 4282 anulis
517 4245 568 4296 pro
596 4227 672 4282 illurn
696 4229 841 4281 rescribere
867 4228 940 4280 illae
968 4232 993 4280 ct
1020 4226 1193 4295 interpretari
1222 4228 1343 4294 accipere

193 4330 273 4368 sensu
286 4318 405 4383 prussiae
476 4316 671 4387 respondentes
691 4316 772 4380 MR¹‚
792 4316 999 4385 respondentem
1017 4317 1056 4369 Re
