3250 4959
419 379 481 434 VII.
499 379 666 434 Aduersus
685 381 885 435 Marcionem
903 381 951 435 lib.
971 381 995 434 V
1015 382 1056 438 10.
1246 386 1310 450 607

160 575 332 661 resurgit
351 575 539 658 spiritale,
560 576 620 641 etsi
634 575 732 640 habet
746 576 875 660 aliquod
894 577 1055 660 proprium
1075 597 1190 662 corpus
1206 580 1311 646 animo

160 681 216 746 uel
230 681 373 765 spiritus,
393 686 431 747 ut
443 683 548 766 possit
566 682 667 747 uideri
687 701 801 766 corpus
822 684 956 748 animale
976 684 1114 750 enimam
1133 685 1310 770 significare

162 791 196 852 et
218 805 333 871 corpus
357 789 499 871 spiritale
524 790 681 872 spiritum,
709 807 771 854 non
795 789 868 854 ideo
892 790 1029 854 animem
1053 790 1132 857 dicit
1152 792 1184 856 in
1207 811 1310 857 resur-

160 893 301 959 rectione
339 895 486 977 spiritum
523 896 675 972 futuram,
718 894 774 959 scd
811 913 937 977 corpus,
974 895 1059 979 quod
1096 916 1168 962 oum
1205 898 1310 962 anima

128 999 320 1065 enascendo
344 1003 377 1064 et
399 1020 455 1083 per
477 1002 614 1066 animam
638 1001 775 1066 uiuendo
801 1002 937 1066 animale
960 1002 1024 1067 diei
1047 1003 1141 1086 capit,
1164 1005 1308 1069 futurum

160 1106 315 1188 spiritale,
340 1107 415 1172 dum
438 1127 494 1190 per
518 1107 665 1190 spiritum
690 1109 795 1192 surgit
818 1109 850 1172 in
875 1109 1104 1176 aeternitatem.
1126 1110 1260 1193 denique
1279 1111 1308 1176 si

159 1233 222 1278 non
248 1214 361 1292 anima,
387 1214 443 1280 sed
476 1233 547 1280 caro
581 1214 755 1280 seminatur
781 1215 812 1278 in
842 1216 1032 1298 corruptela,
1065 1216 1139 1281 dum
1168 1218 1308 1282 soluitur

158 1321 191 1384 in
225 1325 352 1399 terrem,
384 1322 447 1384 iem
484 1340 544 1386 non
582 1321 686 1386 anima
724 1321 783 1386 erit
815 1341 930 1405 corpus
962 1323 1108 1399 animale,
1141 1323 1197 1388 sed
1224 1343 1306 1401 caro,

160 1446 242 1510 quae
265 1426 327 1491 fuit
350 1446 464 1510 corpus
488 1428 633 1506 animale,
653 1417 828 1510 siquidem
848 1428 886 1493 de
906 1429 1034 1494 animali
1056 1430 1196 1495 efficitur
1217 1431 1308 1514 spiri·

113 1557 140 1597 1⁰
158 1534 235 1610 tale,
260 1533 346 1599 sicut
364 1536 397 1598 et
414 1533 495 1598 infra
514 1534 607 1599 dicit:
631 1553 701 1600 non
725 1535 886 1618 primum
906 1535 1003 1618 quod
1027 1536 1201 1618 spiritale
1220 1557 1305 1604 eos.

159 1639 200 1704 ad
227 1641 288 1705 hoc
317 1642 399 1705 enim
428 1640 517 1705 etde
540 1641 609 1723 ipso
635 1639 761 1706 Christo
786 1643 973 1724 praestruit:
1004 1644 1129 1708 fectus
1160 1645 1304 1725 primus

158 1749 268 1814 homo
300 1747 415 1812 Adam
447 1748 482 1812 in
517 1749 673 1811 animam
707 1749 844 1825 uiuam,
873 1748 1107 1814 nouissimus
1129 1750 1243 1815 Adam
1267 1751 1303 1816 in

160 1855 341 1936 spiritum
360 1855 637 1932 uiuifioentem‚
651 1854 728 1919 licet
743 1854 958 1920 stultissimus
973 1856 1153 1921 haereticus
1168 1858 1306 1924 noluerit

158 1961 205 2026 ita
229 1979 313 2038 esse;
337 1961 523 2026 ‘deminum'
555 1962 637 2025 euim
669 1961 780 2044 posuit
810 1961 1021 2027 nouissimum
1050 1982 1106 2045 pro
1129 1964 1304 2029 nouissimo

113 2089 140 2129 ιο
159 2066 293 2145 ‘Adana
307 2068 429 2133 ueritus
445 2068 568 2132 scilicet
586 2087 635 2144 ne,
651 2069 678 2132 si
695 2069 727 2132 et
742 2064 930 2156 [dominum]
945 2069 1158 2135 nouissimum
1176 2070 1306 2135 haberet

158 2173 293 2251 ‘Adam'‚
308 2179 340 2238 et
358 2173 499 2240 eiusdem
516 2173 678 2239 Christum
698 2174 938 2240 defenderemus
950 2175 983 2239 in
997 2176 1097 2242 Adam
1118 2176 1304 2256 nouissimo,

159 2281 251 2346 cuius
276 2284 309 2346 et
325 2281 474 2364 primum.
499 2280 555 2346 sed
578 2281 695 2345 fulsum
719 2282 850 2347 relucet.
874 2301 931 2346 eur
949 2283 1033 2347 enim
1051 2283 1172 2366 primus
1191 2283 1303 2362 Adam,

157 2387 220 2453 nisi
248 2389 323 2472 quie
345 2391 378 2453 et
403 2389 600 2453 nouissimus
623 2388 747 2453 Adam?
774 2407 837 2453 non
860 2389 979 2454 habent
1002 2389 1143 2455 ordinem
1165 2391 1247 2455 inter
1270 2409 1305 2455 se

158 2495 219 2560 uisi
243 2496 331 2578 peria
355 2514 497 2579 quaeque
521 2500 554 2560 et
572 2495 715 2560 eiusdem
734 2496 789 2559 uel
807 2496 944 2560 nominis
963 2497 1016 2561 uel
1035 2498 1233 2562 substantiae
1251 2497 1303 2561 uel

113 2619 141 2660 ro
159 2601 307 2666 auctoris.
325 2621 398 2666 nam
418 2602 478 2666 etsi
497 2605 605 2684 potest
623 2603 654 2665 in
675 2601 810 2667 diuersis
831 2622 957 2685 quoque
977 2622 1047 2668 esse
1066 2603 1153 2667 eliud
1167 2604 1303 2685 primum

158 2708 246 2772 uliud
278 2708 502 2787 nouissimum,
536 2708 591 2772 sed
619 2708 714 2772 unius
739 2709 889 2774 auctoris.
923 2713 1064 2774 ceterum
1088 2710 1115 2773 si
1139 2712 1172 2774 et
1193 2712 1304 2774 auctor

157 2814 250 2892 alius,
276 2815 368 2898 et<si>
390 2815 460 2898 ipse
488 2813 615 2897 quidem
639 2816 747 2896 potest
769 2814 967 2879 nouissimus
992 2813 1065 2892 dici,
1089 2814 1173 2896 quod
1196 2818 1302 2880 tamen

156 2921 302 2986 intulerit
333 2922 469 3003 primum
500 2925 559 2997 est,
592 2919 804 2985 nouissimum
833 2923 951 2992 autern,
984 2919 1010 2983 si
1040 2919 1141 3000 primo
1170 2922 1301 3004 parsit.

156 3047 214 3112 par
245 3033 352 3092 eutem
383 3027 485 3110 primo
517 3047 578 3092 non
612 3028 671 3101 est,
706 3025 780 3108 quie
812 3045 874 3091 non
907 3024 1051 3090 eiusdem
1080 3027 1217 3090 auctoris
1245 3031 1302 3091 est

113 3151 140 3190 ²⁵
159 3134 269 3198 eodem
288 3133 383 3199 modo
403 3135 483 3199 etin
504 3133 630 3199 nomine
648 3131 785 3196 hominis
805 3132 997 3197 reuincetor.
1016 3131 1169 3214 primus,
1187 3133 1301 3215 inquit,

156 3241 265 3306 homo
291 3240 333 3305 de
356 3242 467 3306 humo
497 3244 680 3320 terrenus,
704 3239 894 3305 secundus
919 3239 1094 3304 dominus
1118 3239 1162 3303 de
1186 3239 1301 3304 caelo.

158 3367 253 3430 quere
276 3347 447 3425 secundus,
471 3347 499 3411 si
523 3367 585 3413 non
607 3347 714 3425 homo,
739 3347 823 3429 quod
847 3351 879 3410 et
901 3346 1046 3430 primus?
1070 3348 1126 3410 aut
1147 3345 1303 3428 numquid

157 3459 189 3519 et
212 3456 333 3538 primus
358 3453 516 3520 dominus.
541 3454 568 3519 si
593 3457 625 3518 et
647 3453 832 3518 secundus?
860 3453 916 3518 sed
940 3453 1074 3518 sufficit:
1104 3453 1186 3517 siin
1211 3470 1303 3516 enan-

248 3645 325 3715 10]1
345 3643 405 3700 Cor.
426 3646 467 3706 15,
486 3647 530 3698 46.
613 3644 657 3714 11]
676 3644 690 3697 I
709 3644 768 3699 Cor.
789 3644 831 3708 15,
849 3646 893 3698 45.
979 3643 1057 3712 2:311
1077 3643 1137 3698 Cor.
1159 3644 1200 3709 15,
1216 3645 1252 3699 47
1272 3660 1303 3698 er

155 3733 301 3789 Marcionis
317 3733 483 3789 recensione.

194 3843 206 3894 l
227 3840 359 3909 spiritale.
379 3844 408 3894 et
426 3840 450 3892 si
467 3840 552 3909 uolqo
624 3839 708 3893 habet
730 3838 973 3895 decreberis
1021 3837 1038 3891 3
1057 3840 1251 3893 resurrectione
1264 3838 1302 3903 11,

156 3929 377 3984 resurrectionem
396 3928 461 3982 ΜΡ
514 3928 665 3982 'leoluitur
682 3929 724 3992 M,
744 3927 903 3983 dissoluitnr
921 3928 949 3982 11
1011 3929 1147 3982 8terram
1166 3926 1212 3995 R³,
1229 3932 1301 3981 terra

156 4015 230 4074 11111
322 4018 354 4072 10
375 4019 506 4072 laeenam
523 4017 650 4086 moui:
669 4016 715 4070 sed
736 4016 807 4086 quod
826 4017 950 4079 animale,
971 4014 1069 4071 deinde
1089 4014 1161 4085 qnod
1179 4016 1301 4085 spiritale

153 4107 325 4162 eureseim
338 4112 409 4175 puto
461 4105 493 4158 15
513 4121 547 4158 ne
566 4105 590 4158 si
607 4103 656 4171 13³,
674 4106 727 4158 nisi
745 4104 820 4160 111111
878 4105 1015 4159 dominum
1032 4104 1145 4158 seclusi:
1165 4107 1193 4157 et
1210 4105 1301 4157 nouis·

155 4197 252 4250 simum
270 4196 345 4250 ecit:
365 4195 436 4249 sicud
454 4200 480 4248 et
492 4195 616 4263 nmmum
660 4195 694 4248 22
708 4196 871 4264 et<si>ipse
885 4195 997 4263 scripsi:
1012 4193 1110 4262 etipse
1123 4190 1186 4248 MR
1240 4192 1302 4247 dici.

155 4282 331 4354 quoduolq0
381 4285 415 4338 28
435 4282 593 4337 redtulit.
613 4281 650 4336 M
