3250 4959
286 358 361 457 3161
512 392 630 458 Quinti
650 393 790 462 Septimi
809 394 979 448 Florentis
998 394 1205 453 Tertulliani

287 607 360 670 erga
388 587 483 652 deum
510 589 791 670 praeuaricatione.
834 591 942 672 atquin
968 591 1006 654 de
1030 589 1274 672 praedicationis
1300 591 1434 664 unitate,

286 695 371 775 quod
399 714 495 776 supra
517 696 666 779 legimus,
695 698 838 760 dexteras
861 698 1035 774 iunxerant,
1059 700 1092 760 et
1114 697 1184 779 ipsa
1208 697 1304 760 oflicii
1330 697 1434 760 distri-

286 801 417 865 butione
437 802 475 866 de
494 803 650 886 euangelii
671 803 825 868 societate
845 804 1055 868 condixerant.
1075 805 1160 867 sicut
1179 807 1211 866 et
1229 803 1319 866 alibi:
1345 804 1432 867 siue

286 925 369 989 ego,
393 909 507 990 inquit,
533 909 623 973 sinc
646 909 725 987 ilii,
750 911 809 974 sic
832 910 1126 993 praedicamus.
1153 909 1209 974 sed
1232 915 1263 973 et
1287 910 1314 972 si
1340 928 1432 990 quos-

287 1012 359 1075 dam
387 1013 486 1078 salsos
515 1015 627 1079 fratres
655 1016 827 1098 inrepsisse
856 1015 1036 1098 descripsit,
1071 1017 1124 1098 qui
1153 1017 1274 1080 uellent
1303 1015 1431 1080 Galatas
1462 1042 1472 1076 ⁵

287 1119 325 1181 ad
360 1121 445 1184 aliud
475 1123 678 1206 euangelium
707 1123 886 1193 transferre,
918 1124 987 1204 ipse
1017 1123 1214 1186 demonstrat
1241 1121 1430 1186 adulterium

285 1225 367 1289 iilud
377 1229 533 1311 euangelii
548 1248 608 1292 non
625 1229 663 1292 ad
679 1230 810 1293 alterius
826 1228 875 1292 dei
891 1234 923 1292 et
934 1229 1051 1294 Christi
1066 1229 1159 1292 fidem
1173 1228 1430 1304 transferendam,

287 1332 342 1395 sed
367 1331 405 1395 ad
435 1334 635 1417 disciplinam
659 1335 741 1418 legis
766 1335 1014 1399 conseruandam
1042 1334 1192 1398 habuisse
1215 1335 1430 1410 intentionem,

287 1439 521 1520 deprehendens
537 1441 659 1505 scilicet
673 1443 747 1505 illos
768 1442 1041 1506 circumcisionem
1060 1441 1259 1504 uindicantes
1280 1445 1312 1505 et
1331 1441 1431 1504 obser-

286 1549 398 1610 uantes
419 1551 563 1629 tempora
586 1552 619 1611 et
642 1549 709 1612 dies
734 1553 766 1612 et
788 1568 912 1612 menses
938 1552 969 1612 et
992 1568 1089 1611 annos
1116 1547 1314 1611 Iudaicarum
1340 1547 1430 1610 caeri—
1448 1577 1471 1614 re

286 1653 473 1728 monimum,
499 1674 578 1735 quas
601 1655 665 1718 iam
690 1657 833 1718 exclusas
859 1655 1027 1738 agnouisse
1053 1655 1233 1730 debuerant,
1259 1654 1429 1717 secundum

285 1759 468 1823 innonatam
484 1763 725 1844 dispositionem
741 1763 890 1826 creatoris
906 1763 981 1824 oiim
999 1762 1036 1825 de
1057 1763 1115 1824 iroc
1135 1763 1203 1843 ipso
1223 1761 1430 1843 praedicantis

286 1885 342 1947 per
364 1869 534 1949 prophetas
560 1888 646 1943 suos,
671 1873 707 1932 nt
729 1889 785 1949 per
808 1870 949 1932 Esaiam:
989 1873 1132 1931 uetera
1161 1868 1428 1934 transierunt.

286 1974 397 2055 inquit,
440 1993 531 2038 ecce
565 1995 677 2052 noua,
714 1995 814 2056 quae
849 1995 920 2058 ego
954 1995 1055 2038 nunc
1084 1975 1200 2038 facio.
1239 1975 1285 2038 sie
1320 1978 1350 2037 ot
1378 1993 1429 2056 per

286 2080 495 2144 Hieremiam:
539 2088 577 2144 et
614 2083 825 2164 disponam
859 2087 1161 2146 testamentum.
1201 2101 1273 2144 non
1315 2081 1463 2163 quales

286 2188 474 2268 disposui
509 2190 554 2251 ad
583 2192 721 2271 patres
750 2195 925 2252 nestros.
957 2207 1041 2252 oum
1067 2188 1166 2251 illos
1199 2187 1429 2251 eduxissem

288 2293 331 2354 de
356 2295 674 2377 rer1·anegypti;
700 2298 732 2358 et
755 2295 845 2358 alibi:
872 2297 1068 2358 renouato
1093 2295 1212 2356 nonis
1237 2313 1429 2358 nonamen

286 2417 442 2475 nouum,
473 2404 512 2462 et
541 2400 888 2463 circumcidimini
918 2400 988 2462 deo
1018 2406 1168 2464 uestro.
1202 2405 1240 2461 ct
1269 2400 1430 2463 circum·

288 2505 473 2568 cidimini
503 2510 720 2589 praeputia
752 2506 885 2569 cordis
915 2506 1058 2570 uestri.
1095 2507 1174 2568 hano
1200 2525 1273 2588 ergo
1300 2506 1429 2568 circnm-

288 2612 437 2675 cisionenr
461 2613 524 2675 iam
549 2615 665 2676 sistens
696 2608 860 2694 apostolus
885 2617 917 2676 et
941 2613 1000 2676 iroc
1025 2632 1188 2676 nonomen.
1214 2613 1287 2675 ilias
1309 2631 1470 2693 quoquere

286 2722 464 2782 uetustates
481 2720 738 2783 caerimoniarum
756 2719 970 2795 dissuadebat,
991 2720 1028 2781 de
1049 2720 1164 2800 quibus
1184 2719 1266 2781 idem
1289 2719 1430 2783 conditor

287 2844 395 2888 earum
406 2826 592 2907 quandoque
609 2827 780 2889 cessaturis
796 2828 1003 2908 proliteiratur
1018 2845 1073 2906 per
1084 2826 1179 2890 Osee:
1196 2835 1233 2889 et
1253 2847 1298 2888 au
1310 2847 1325 2889 e
1336 2831 1431 2888 riam

287 2951 421 2995 omnes
461 2934 744 2996 iocunditates
784 2934 871 2996 eins
912 2939 948 2996 et
987 2935 1071 2997 dies
1106 2934 1237 2996 festos
1273 2934 1361 2995 eius
1397 2935 1433 2994 et

244 3115 247 3118 ⁴
287 3040 519 3101 neomenias
549 3045 588 3102 et
612 3041 781 3102 sabbata
811 3045 1003 3102 rtornnes
1034 3040 1308 3102 caerimonias
1335 3040 1431 3102 eius.

286 3147 333 3210 sic
352 3148 433 3210 enim
454 3158 486 3210 et
509 3168 565 3228 per
585 3149 723 3209 Esaiam:
750 3150 982 3210 rrrernonias
1009 3154 1169 3210 nostras
1196 3157 1233 3208 et
1259 3147 1429 3208 seirirata
1449 3169 1472 3209 as

288 3261 326 3315 et
354 3255 454 3316 diem
482 3275 664 3334 magnum
691 3275 764 3316 nen
791 3256 988 3318 sustineo.
1019 3257 1145 3317 ferias
1172 3261 1209 3316 ot
1233 3253 1431 3325 ieiunium

287 3368 324 3422 et
356 3361 442 3424 dies
477 3365 608 3424 festos
643 3372 808 3422 nostres
844 3362 928 3423 curiit
962 3363 1089 3423 airrinre
1125 3382 1214 3422 mea.
1256 3361 1369 3440 quodsi
1403 3363 1432 3420 et

287 3474 409 3530 creator
438 3471 539 3530 omnia
571 3471 645 3531 neve
677 3471 737 3530 ianr
764 3469 883 3550 pridem
915 3473 1114 3532 resecantur
1144 3483 1171 3529 rr
1204 3469 1368 3548 apostolus
1399 3485 1431 3528 eu

374 3628 399 3692 a]
421 3629 453 3677 er.
474 3627 533 3678 Gen
555 3630 579 3683 a,
600 3631 624 3678 o.
694 3629 721 3692 el
745 3627 753 3678 1
776 3629 835 3679 uer.
861 3631 898 3679 rt.
922 3631 961 3678 11.
1029 3629 1056 3693 l}
1079 3629 1112 3678 e.
1134 3627 1193 3678 Gai.
1215 3629 1282 3683 aa.
1354 3625 1379 3685 a}
1400 3625 1432 3676 cl.

285 3715 344 3766 eei.
368 3717 390 3775 1,
410 3720 434 3765 n.
455 3717 478 3765 u.
535 3719 561 3780 ep
582 3716 739 3779 urania
763 3719 802 3767 lo.
863 3719 902 3766 13¹
930 3717 971 3766 ns
997 3719 1040 3780 re,
1063 3717 1102 3767 rs.
1125 3717 1164 3766 ro.
1224 3715 1266 3771 1:11
1293 3714 1366 3765 Hier.
1391 3716 1431 3764 tn.

285 3807 327 3856 31.
348 3807 390 3854 32.
448 3807 491 3871 lii
514 3805 585 3855 lii-n.
606 3807 631 3859 l.
652 3807 675 3857 3.
696 3807 721 3855 i.
777 3806 822 3870 :¹:³1
846 3813 890 3854 iis.
911 3809 934 3859 2'.
961 3809 998 3856 il.
1055 3805 1100 3870 ‘dii
1120 3805 1164 3854 lis.
1188 3805 1209 3856 1.
1234 3805 1273 3853 lu.
1295 3807 1335 3854 14.

321 3911 336 3960 ¹3
361 3909 483 3960 <lustras
510 3911 547 3964 nl.
574 3910 680 3961 ilerum
705 3911 727 3962 l:
782 3915 797 3959 :3
823 3911 1004 3964 ‹·eruiixrr':·rrr.
1029 3913 1099 3961 sirur
1123 3920 1149 3960 et
1175 3911 1248 3962 n'iid.
1275 3911 1332 3959 sino
1352 3909 1434 3973 aulen

284 3999 300 4045 ἶ»
321 3999 494 4062 gastaldand!
509 4006 574 4066 (pro
589 4016 669 4052 irroret
733 4005 748 4050 li
764 4001 961 4057 rrprrlrrrulrrrs
982 4002 1033 4049 {aas
1087 4005 1116 4050 io
1132 4001 1352 4050 cnrrrnroninrnnr
1370 3993 1434 4055 ΜΡ,

286 4091 514 4146 „recreandarum
532 4089 556 4139 Ι(
569 4091 649 4155 incipe
670 4092 720 4154 (sir
739 4099 761 4140 r!
783 4091 871 4140 infre
933 4091 962 4138 ll
979 4091 1015 4140 sie
1037 4103 1063 4139 rc
1084 4107 1130 4156 prr
1145 4089 1308 4138 Hieremiam
1327 4086 1436 4153 scriptor:

286 4184 313 4229 et
324 4178 389 4228 alibi
401 4178 513 4245 aillipf
529 4180 545 4228 l.
559 4183 601 4228 17,
658 4180 687 4229 li
704 4191 730 4229 et
746 4179 811 4228 aluisi
827 4180 938 4244 scripsi:
956 4179 993 4229 sir
1009 4195 1034 4228 «τι
1053 4196 1098 4245 prr
1113 4178 1186 4228 ilion
1197 4195 1275 4228 rumor
1294 4177 1325 4227 M
1340 4176 1434 4244 rporr'n

984 4293 988 4307 l

975 4311 979 4324 t

1139 4259 1158 4280 aa

285 4310 334 4361 inp.
348 4293 413 4346 aeid.
424 4310 457 4345 m..
471 4298 493 4357 l)
509 4294 532 4344 li
588 4311 694 4344 nonaum
705 4311 720 4344 n
734 4294 766 4347 li.
779 4311 875 4344 neuram
888 4299 913 4343 rt
925 4293 974 4346 „ill
1036 4295 1068 4343 (ΣΤ
1082 4295 1159 4344 l'rstss
1174 4307 1214 4358 (rus
1224 4309 1244 4344 s.
1257 4310 1281 4344 n.
1294 4309 1310 4344 α
1321 4309 1355 4342 en.
1370 4293 1394 4356 1)
1404 4289 1438 4342 Μ
