3250 4959
293 390 357 456 482
522 383 639 452 Quinti
658 385 799 456 Septimi
816 385 989 442 Florentia
1007 383 1212 438 Tertulliani

293 585 438 665 apertum
466 581 661 665 repromittit
689 581 743 663 qui
771 579 868 648 deum
892 587 987 647 suum
1011 599 1114 663 usque
1138 579 1242 645 adhuc
1264 579 1446 652 obumbrat,

293 693 471 778 expectans,
500 687 620 770 opinor,
648 687 737 754 nasci
753 687 967 756 Marcionem.
997 686 1151 752 Venimus
1168 686 1219 751 ¹ad
1251 686 1446 752 constantie-

294 797 411 862 simum
430 797 653 880 argumentum
672 793 825 872 omnium,
844 793 901 876 qui
919 793 1039 860 domini
1056 793 1260 860 natiuitatem
1272 793 1306 857 in
1320 796 1447 858 contro·

293 902 431 968 nursiam
445 902 600 969 dclcrunt.
615 903 716 984 ‘ipse,'
729 901 888 983 inquiunt,
899 901 1108 966 ‘contestatur
1122 918 1156 966 se
1170 918 1233 965 non
1247 919 1320 965 esse
1333 903 1448 965 natum

293 1007 441 1078 dicendo:
461 1027 560 1090 quac
580 1006 678 1072 mihi
696 1010 825 1072 mater
843 1010 882 1072 et
901 1006 968 1090 qui
986 1005 1085 1072 mibi
1103 1005 1349 1072 fratres'?ita
1363 1025 1448 1072 sem.
1477 1026 1494 1065 e

291 1133 349 1198 per
363 1114 514 1180 haeretici
527 1116 584 1178 aut
596 1113 696 1179 nudas
712 1115 745 1178 et
758 1113 922 1196 simplices
936 1131 1033 1178 uoces
1047 1113 1239 1179 coniecturis
1254 1132 1317 1196 quo
1330 1113 1449 1180 uolunt

282 1221 421 1303 rapiunt
438 1223 494 1286 aut
512 1240 622 1288 rursus
641 1220 875 1286 condicionales
893 1224 927 1286 et
943 1219 1113 1288 rationales
1133 1219 1354 1303 simplicitatis
1373 1239 1448 1287 oon·

292 1327 416 1394 dicione
435 1327 628 1404 dissoluant,
646 1329 686 1392 ut
703 1326 763 1394 hoc
781 1327 814 1392 in
833 1328 916 1393 loco.
935 1346 992 1392 nos
1012 1327 1168 1392 contrario
1186 1327 1324 1392 dicimus
1341 1327 1447 1410 primo

291 1453 353 1500 non
377 1434 523 1518 potuisse
545 1433 594 1498 illi
619 1433 808 1509 adnuntiari,
834 1432 919 1516 quod
942 1437 1101 1498 meteret
1127 1433 1240 1498 fratres
1268 1433 1339 1498 eius
1368 1433 1448 1500 loris

292 1544 414 1608 starent
427 1546 614 1624 quaerentes
629 1541 737 1607 uidere
753 1561 838 1620 eum,
852 1542 882 1607 si
896 1542 984 1607 nulla
1000 1541 1050 1606 illi
1063 1543 1166 1607 mater
1180 1545 1215 1608 et
1230 1541 1344 1606 iratres
1363 1541 1445 1606 nulli
1465 1560 1493 1600 ιο

291 1649 438 1726 fuissent,
455 1665 535 1732 quos
555 1648 666 1730 utique
685 1651 777 1713 norat
796 1648 851 1731 qui
869 1648 1082 1725 adnuntiaret,
1101 1649 1157 1713 nel
1174 1652 1260 1714 retro
1279 1652 1373 1713 notos
1393 1649 1447 1712 uel
1486 1694 1496 1716 .

292 1757 369 1820 tuno
391 1754 510 1820 ibidem
534 1757 726 1838 compertos,
750 1755 827 1821 dum
850 1773 923 1821 eum
945 1755 1055 1820 uidere
1079 1754 1263 1821 desiderant
1283 1755 1338 1820 uel
1366 1753 1448 1818 dum

291 1861 355 1945 ipsi
373 1861 521 1930 nuntium
539 1861 700 1928 mandant.
720 1861 760 1927 ad
779 1862 859 1926 hanc
879 1863 1014 1944 primam
1032 1861 1283 1944 propositionem
1301 1863 1447 1926 noemam

292 1968 376 2033 solet
394 1986 431 2032 ex
449 1965 576 2033 diusmo
589 1967 785 2050 responderi:
802 1967 890 2050 ‘quid
905 1966 999 2046 enim,
1015 1967 1044 2032 si
1057 1967 1236 2050 temptandi
1250 1967 1353 2052 gratia
1366 1985 1445 2032 nun·

292 2074 409 2140 tiatum
432 2076 483 2138 est
505 2072 566 2138 ei'?
587 2073 644 2139 sed
663 2073 724 2140 hcc
743 2074 902 2157 scriptura
918 2093 982 2140 non
1000 2073 1089 2154 dicit,
1109 2093 1190 2158 quae
1208 2077 1326 2158 quanto
1346 2074 1445 2158 signi·
1465 2089 1492 2132 n

292 2179 385 2247 ficare
401 2180 485 2246 solet
503 2197 540 2245 ex
553 2179 762 2263 temptatione
778 2180 856 2262 quid
869 2181 1001 2258 factum,
1012 2199 1160 2246 -scce
1177 2180 1448 2265 legisdoctor

293 2286 528 2356 adsurrexit
551 2289 759 2368 temptans
784 2307 884 2368 eum,
905 2291 938 2352 et
956 2287 995 2352 de
1013 2288 1129 2353 tributi
1144 2287 1393 2354 consultatione:
1413 2291 1448 2352 st

293 2395 564 2458 accesserunt
591 2392 637 2458 ad
666 2411 752 2458 eum
774 2391 990 2459 Pharisaei
1013 2396 1265 2477 temptantes
1289 2413 1376 2458 eum
1401 2429 1444 2442 -

292 2503 391 2577 tanto,
406 2499 462 2564 ubi
481 2518 541 2566 nou
561 2499 638 2564 facit
652 2499 873 2582 temptationis
887 2500 1092 2580 mentionem,
1105 2521 1168 2568 non
1186 2499 1329 2566 admittit
1341 2505 1446 2585 temp·

291 2606 421 2674 tationis
435 2607 737 2689 interpretationem.
752 2610 784 2673 et
801 2610 910 2672 tamen
928 2625 966 2673 ex
984 2607 1158 2674 abundanti
1176 2625 1290 2672 causes
1307 2609 1446 2690 tempta·
1463 2621 1491 2664 κ

291 2713 387 2778 bonis
411 2714 588 2797 expostulo,
613 2713 665 2780 cui
687 2713 734 2779 rei
757 2714 985 2796 temptauerint
1006 2713 1099 2780 illum
1122 2733 1178 2796 per
1195 2713 1446 2779 nominationem

291 2820 401 2886 matris
426 2823 458 2886 et
480 2820 622 2886 fratrum.
646 2820 685 2898 si,
704 2823 741 2884 ut
759 2821 888 2898 scirent,
907 2825 1043 2886 natusne
1062 2824 1150 2888 esset
1167 2840 1207 2886 an
1225 2838 1298 2900 nou,
1318 2820 1445 2903 qundo

292 2925 330 2992 de
354 2927 414 2992 hoc
432 2927 495 2992 luit
513 2928 669 3011 quaestio,
691 2947 786 3011 quam
801 2947 838 2992 ex
851 2928 897 2992 ist
909 2927 1121 3011 temptatione
1135 2927 1355 2994 discuterent?
1370 2926 1445 3010 quie

290 3041 399 3100 autem
418 3034 580 3100 dubitaret
597 3038 708 3101 natum
728 3053 823 3118 quem
840 3035 966 3101 uideret
984 3033 1170 3101 bominem?
1190 3053 1285 3118 quem
1299 3033 1447 3099 auderet

291 3141 394 3208 lilium
423 3160 458 3208 se
485 3141 623 3208 hominis
651 3142 853 3224 professum?
877 3161 973 3225 quem
997 3141 1036 3207 de
1059 3143 1233 3225 conspectu
1256 3141 1359 3208 omnis
1381 3142 1441 3206 bu·
1459 3151 1489 3194 ¹⁶

292 3267 403 3314 manae
427 3247 591 3332 qualitatis
616 3247 776 3314 dubitaret
798 3248 894 3314 deum
917 3252 974 3314 aut
998 3247 1101 3313 lilium
1125 3248 1178 3313 dei
1206 3247 1344 3325 credere,
1371 3266 1444 3329 pro·

291 3355 408 3437 phetor
425 3354 552 3419 facilius
568 3354 761 3434 existimaus,
780 3355 860 3420 licet
873 3373 1025 3440 maguum
1040 3354 1189 3437 aliquem,
1203 3355 1317 3437 utique
1334 3357 1442 3421 tamen

291 3463 424 3527 natum?
439 3460 535 3526 etiam
551 3459 626 3526 siin
641 3461 888 3544 explorationem
901 3461 1083 3528 natiuitatis
1096 3460 1302 3543 temptandus
1315 3459 1441 3540 auset,

292 3567 514 3651 quodcumque
533 3566 621 3632 aliud
643 3571 868 3652 argumentum
886 3567 1090 3651 temptationi
1108 3567 1326 3650 competisset,
1345 3587 1442 3651 quam

381 3725 409 3795 5]
429 3723 528 3779 llattb.
549 3723 591 3789 12,
610 3724 654 3779 48.
674 3723 707 3779 ci.
726 3723 792 3780 Luc.
810 3725 837 3793 8,
856 3725 900 3779 21.
969 3727 998 3796 9]
1019 3725 1053 3780 cf.
1071 3724 1136 3780 Luc.
1155 3725 1182 3796 8,
1199 3724 1244 3781 20.
1275 3753 1280 3759 ·
1311 3724 1357 3795 16]
1376 3721 1442 3780 Luc.

294 3813 336 3878 10,
355 3813 400 3870 25.
456 3815 499 3883 12]
518 3813 616 3868 blattb.
637 3814 679 3876 16.
700 3814 724 3869 1.
778 3814 824 3886 27]
845 3815 878 3870 cl.
896 3813 999 3871 Matth.
1018 3815 1062 3882 21,
1080 3816 1124 3870 46.

328 3939 341 3992 1
362 3937 539 3992 obumbraret
556 3953 629 4006 neap.
648 3937 713 4008 Erip
758 3938 775 3994 2
793 3937 919 3993 uenimus
935 3937 974 4001 R,
991 3939 1118 3992 uenimus
1137 3938 1209 3993 enim
1226 3937 1297 4002 ΜΓ,
1316 3939 1443 3994 uenimus

291 4041 364 4082 nuno
380 4023 445 4095 Erip
480 4023 644 4080 idolerunt
660 4023 709 4092 13⁸,
729 4023 963 4080 dolueruntMB¹
998 4023 1170 4094 tmaterR,
1187 4027 1268 4095 pater
1283 4023 1322 4079 Π
1354 4026 1442 4095 liquo

290 4110 327 4177 Β,
348 4111 419 4182 quod
432 4109 499 4167 Mu
541 4112 573 4167 ll
594 4111 769 4168 adnuntiaret
780 4113 852 4181 fort.
894 4113 929 4168 27
949 4112 1105 4168 existimem
1122 4113 1237 4183 scripsi:
1254 4113 1441 4168 existimantes

291 4200 362 4265 ΜΒ,
381 4199 505 4269 defendit
521 4199 596 4270 usp,
614 4203 663 4270 pai
679 4218 768 4270 supra
786 4202 804 4257 l.
824 4204 866 4258 26
884 4201 939 4271 lapi
955 4201 1080 4257 ruamur
1098 4200 1270 4257 dubitarent
1341 4201 1377 4256 28
1396 4217 1440 4256 ex·

292 4289 472 4362 plorationem
489 4289 589 4360 scripsi
607 4288 653 4360 (os.
673 4291 690 4346 1.
711 4293 775 4359 23):
796 4291 982 4361 exploratione
999 4288 1064 4347 ΜΒ
