3250 4959
428 433 490 486 vn,
509 434 675 488 Aduersus
694 430 892 489 Marcionem
911 436 958 490 lib.
976 436 1033 491 1111
1052 437 1095 491 29.
1269 441 1333 504 523

185 629 434 694 remuneratori?
493 629 673 695 Proclamat
684 629 933 696 Christuatuus:
944 631 1067 716 ignem
1081 631 1168 696 uani
1182 633 1334 697 mittero

185 735 222 799 in
246 737 394 812 terram,
417 735 474 800 illa
493 736 645 818 optimus,
665 736 785 801 nullius
802 737 965 820 gehennae
983 737 1141 816 dominus,
1166 738 1219 821 qni
1238 740 1332 821 paulo

186 846 259 906 anto
287 841 473 925 discipulos,
503 861 541 906 ne
568 842 674 927 ignem
702 843 902 927 postularant
928 844 1191 909 inhumanissimo
1214 845 1332 922 uiculo,

186 953 377 1014 coercuerat.
406 949 531 1032 quando
553 945 811 1014 ista'Sodomam
841 955 876 1015 et
897 949 1082 1015 Gomorram
1107 951 1214 1016 nimbo
1238 952 1331 1034 igneo

153 1056 318 1132 :exussit
353 1055 560 1138 quando<da
585 1051 641 1140 eo>
665 1058 826 1121 cantatum
860 1056 924 1121 est:
960 1057 1060 1140 ignis
1093 1060 1178 1121 anta
1209 1058 1333 1139 ipsum

185 1157 366 1244 procedet
398 1165 435 1228 et
467 1163 652 1228 cremabit
682 1163 857 1228 inimicos
892 1165 984 1241 aius,
1019 1163 1143 1246 quando
1171 1182 1227 1246 per
1250 1161 1332 1228 Osee

185 1268 397 1334 comminatus
427 1273 490 1335 eat:
520 1270 645 1354 ignem
679 1270 849 1334 amittam
882 1270 918 1333 in
950 1270 1132 1336 ciuitates
1158 1271 1331 1346 Iudaeae,

185 1375 237 1439 uel
257 1393 312 1458 per
330 1375 473 1441 Esaiam:
496 1377 597 1460 ignis
617 1377 759 1442 exarsit
777 1396 818 1441 ex
836 1376 1097 1462 indignatione
1120 1380 1219 1441 mea?
1244 1374 1331 1464 [non]

183 1483 363 1562 mentiatur,
387 1483 415 1547 si
437 1503 496 1548 non
522 1485 572 1548 ast
593 1484 658 1558 illa,
682 1483 736 1566 qui
760 1483 798 1548 da
821 1484 901 1549 rubo
925 1503 1049 1566 quoque
1073 1483 1195 1548 ardenti
1216 1501 1330 1548 uocem

138 1610 166 1650 ro
185 1608 277 1653 suam
310 1589 425 1654 emisit.
457 1589 584 1669 uiderit,
609 1609 703 1672 quem
731 1587 837 1673 ignem
865 1590 1116 1674 intellegendum
1144 1589 1332 1655 contendas:

186 1696 282 1760 etiam
315 1697 343 1761 si
370 1696 471 1781 figura
500 1700 559 1775 est,
588 1698 649 1761 hoc
677 1697 757 1779 ipso,
792 1697 876 1779 quod
905 1697 943 1761 da
966 1717 1036 1762 meo
1061 1697 1216 1761 elemento
1241 1715 1332 1780 argu-

184 1805 291 1867 menta
318 1801 426 1868 sensui
453 1821 512 1868 auo
536 1804 646 1882 sumit,
674 1823 765 1868 maus
790 1804 916 1886 estqui
939 1805 977 1868 da
1001 1803 1081 1868 mais
1104 1804 1216 1868 utitur.
1242 1802 1332 1867 illius

185 1911 245 1974 erit
269 1909 446 1974 similitudo
469 1910 564 1994 ignis,
589 1910 680 1974 ouius
705 1913 738 1974 et
760 1911 891 1975 ueritas.
919 1911 988 1992 ipsa
1010 1910 1125 1975 molius
1148 1911 1341 1992 interpreta·

128 2083 132 2091 ,
184 2015 277 2080 bitur·
294 2016 379 2100 ignis
401 2015 496 2080 istius
522 2015 709 2098 qualitatem
734 2015 888 2081 adiciens:
917 2016 1064 2099 putatia
1095 2017 1247 2081 uenisse
1275 2034 1330 2080 ma

136 2143 314 2206 rapacem
337 2124 489 2187 mittere
518 2123 556 2187 in
579 2116 738 2187 terram?
761 2143 841 2201 non,
867 2123 950 2187 dico
978 2123 1100 2200 uobis,
1125 2123 1190 2188 sad
1217 2130 1332 2206 ‘sapa-

184 2221 389 2296 rationem'.
426 2225 647 2294 ‘machaeram'
668 2229 807 2312 ¹quidem
839 2231 994 2313 scriptum
1023 2234 1081 2306 eat,
1111 2229 1167 2294 sed
1189 2230 1342 2295 Marcion»

184 2337 340 2402 emendat.
365 2337 457 2420 quasi
477 2355 541 2410 non
557 2331 597 2400 'et
620 2336 776 2418 separatio
796 2355 876 2419 opus
896 2337 939 2401 ait
956 2337 1154 2401 machaerae!
1177 2336 1277 2420 igitur
1299 2339 1332 2400 at

182 2443 288 2527 ignem
313 2442 487 2508 euersionia
511 2442 648 2507 intendit
671 2443 725 2525 qni
748 2461 859 2524 paoem
882 2445 1022 2527 negauit.
1048 2442 1146 2525 quale
1163 2444 1330 2526 proelium,

184 2545 248 2613 tale
279 2552 310 2613 et
332 2547 524 2626 incendium,
558 2549 662 2630 qualis
686 2545 861 2626 machaera,
893 2551 968 2613 talis
993 2553 1025 2614 et
1045 2549 1187 2625 flamma:
1220 2553 1332 2613 neutra

134 2677 164 2717 so
184 2673 363 2739 congruens
375 2655 501 2720 domino
521 2656 622 2739 (tuo.)
641 2655 789 2737 denique:
810 2655 1015 2734 diuidetur,
1034 2655 1148 2738 inquit,
1168 2660 1276 2739 pater
1292 2657 1329 2719 in

183 2763 310 2826 lilium
338 2755 508 2827 attilius
533 2763 568 2827 in
593 2766 747 2845 patrem,
777 2764 813 2826 et
835 2766 955 2826 mater
976 2763 1013 2826 in
1036 2762 1161 2826 filiam
1185 2765 1221 2827 ot
1243 2763 1331 2826 iilia

182 2861 226 2933 in¹
254 2873 418 2948 matram,
453 2871 491 2933 et
522 2888 637 2933 nurus
666 2868 702 2932 in
731 2887 878 2932 socrum
908 2872 946 2932 et
973 2886 1105 2933 socrus
1127 2869 1163 2933 in
1186 2889 1330 2935 nurum.

183 2978 244 3041 boc
275 2977 431 3060 proelium
451 2970 545 3040 ‘inter
577 2979 720 3059 parentes
755 2975 783 3040 si
814 2975 846 3039 in
873 2975 954 3058 ipsis
980 2972 1089 3040 uerbis
1115 2976 1193 3040 tuba
1217 2977 1332 3041 cecinit

181 3084 364 3167 prophetae,
379 3102 490 3148 uereor
504 3101 542 3146 ne
552 3082 695 3147 Micheas
706 3081 832 3146 Christo
843 3081 1013 3146 Marcionis
1028 3082 1226 3164 praedicarit.
1257 3077 1262 3084 ’
1290 3083 1331 3145 a:

136 3181 253 3255 acideo
287 3190 468 3274 hypocritas
501 3189 728 3273 pronuntiabat
759 3189 840 3253 caeli
872 3187 1000 3270 quidam
1028 3191 1061 3252 et
1087 3192 1189 3252 terrae
1215 3188 1330 3252 faeiem

182 3289 364 3382 probantes,
396 3299 524 3379 tempus
550 3309 632 3360 'uero
666 3295 752 3359 illud.
775 3313 836 3358 non
865 3290 1076 3370 dinoscentes,
1110 3312 1171 3376 quo
1195 3295 1330 3370 scilicet,

274 3487 301 3556 1]
317 3487 351 3540 er.
364 3487 429 3543 uuo.
442 3485 484 3554 12,
494 3486 610 3540 ra-ss.
659 3484 724 3540 nuc.
740 3469 781 3548 ia,
796 3485 840 3540 ro.
878 3486 905 3554 3]
921 3484 954 3538 cr.
968 3484 1033 3540 nuc.
1048 3486 1073 3554 e,
1089 3485 1131 3538 54.
1168 3486 1197 3554 4]
1214 3483 1246 3538 or.
1262 3483 1329 3538 aen.

184 3577 227 3638 ra,
246 3576 289 3630 24.
354 3576 445 3646 apes.
465 3575 507 3644 aa,
527 3575 551 3630 a.
618 3577 645 3645 n]
666 3574 757 3640 ona,
778 3575 820 3628 14.
884 3573 1004 3644 eiures.
1025 3576 1067 3637 15,
1088 3573 1129 3628 14.
1200 3572 1244 3642 14]
1263 3572 1329 3626 nuc.

184 3666 226 3728 12,
242 3665 284 3717 51.
337 3663 565 3734 repperiam.
587 3665 701 3731 roan)
755 3665 801 3733 ao]
823 3665 887 3717 nuc.
904 3664 945 3726 12,
960 3663 1003 3718 aa.
1054 3663 1100 3731 aa]
1121 3661 1329 3725 cluniac.

182 3755 229 3823 aa]
249 3753 283 3808 or.
301 3753 366 3808 nuc.
386 3745 428 3816 1²2,
449 3753 563 3808 so-sn.
1093 3766 1096 3771 ·

219 3877 236 3929 2
253 3879 361 3930 terram.
380 3876 426 3929 ille
445 3877 528 3944 :culpo
591 3877 609 3929 4
628 3879 790 3943 coercuerat,
811 3874 919 3945 qnando
937 3875 1022 3944 eulpa
1090 3876 1106 3927 5
1126 3873 1160 3928 de
1179 3891 1210 3928 eo
1231 3874 1338 3928 addida

182 3967 199 4021 6
214 3963 354 4036 perMR²,
366 3965 435 4034 <et>
451 3963 639 4034 perR³uulpo
676 3965 756 4018 8non
770 3965 870 4018 seclusi
905 3963 1079 4017 9mentiatur
1089 3963 1155 4032 (ecit.
1167 3964 1330 4026 essaenos:

181 4053 461 4118 sarantasmum
469 4049 784 4121 fortasseeicredatur)
849 4052 1006 4105 mentiatur.
1022 4053 1045 4105 ai
1059 4053 1144 4120 arripe
1182 4052 1215 4105 10
1231 4051 1339 4114 emisit,¹

181 4141 283 4198 uiderit
301 4143 394 4211 culpo,
413 4142 513 4196 amisit.
528 4141 619 4210 <sed>
636 4141 737 4196 uiderit
755 4143 821 4211 Ena
876 4141 910 4196 12
929 4141 976 4210 qni
996 4140 1029 4196 da
1047 4142 1116 4194 meis
1135 4141 1222 4195 utitur
1240 4141 1329 4194 abam-

183 4231 251 4286 dora
264 4232 332 4284 ritib:¹
345 4230 457 4286 uidcor
493 4231 528 4284 20
542 4235 589 4284 tuo
605 4231 705 4286 addidi
723 4233 832 4300 (apuria
846 4231 955 4286 iudicat
968 4232 1055 4284 uerba
1068 4238 1165 4284 neutra
1179 4245 1329 4299 congruens

183 4320 292 4374 domino
311 4320 385 4387 Eira)
442 4320 477 4372 24
495 4319 658 4389 praedicarit
675 4321 746 4389 Rip:
768 4319 937 4388 praedicaret
954 4320 1017 4374 MR
