3250 4959
319 366 383 429 418
549 363 666 430 Quinti
686 364 827 433 Septirni
846 361 1017 417 Florentia
1036 363 1241 416 Tertulliani

319 560 582 643 quinquagesimo
607 562 719 623 octauo
744 558 973 650 dispersionem
998 558 1043 622 eis
1066 558 1246 640 postulata
1265 561 1369 641 patre:
1394 558 1463 621 dis·

319 684 443 749 perge
472 685 538 731 eos
568 666 607 730 in
630 666 789 730 uirtute
818 669 897 743 tua,
927 666 981 747 qui
1011 669 1043 729 st
1069 684 1180 729 rursus
1208 685 1264 749 por
1286 665 1466 729 Esaiamin

321 771 518 837 exustionem
534 791 642 837 eorum
658 791 820 854 perorans:
835 776 1004 855 propter
1022 792 1078 835 me
1096 771 1204 848 haee,
1224 772 1341 854 inquit,
1360 773 1468 836 faeta

321 885 418 942 sunt
437 879 567 956 uobis,
591 880 629 942 in
649 879 860 943 anxietate
880 878 1110 944 dormietis.
1134 880 1212 942 satis
1232 898 1324 955 uene,
1345 880 1374 943 si
1393 880 1467 943 baec

320 1004 380 1049 non
405 989 533 1069 propter
556 1005 628 1049 eum
652 985 738 1068 passi
762 989 848 1063 suut,
873 986 927 1068 qui
951 990 1080 1067 propter
1102 1004 1136 1049 se
1159 1004 1312 1067 passuros
1336 1006 1469 1069 pronun·
1495 1010 1505 1048 1

319 1094 424 1169 tieret,
456 1092 514 1157 sed
545 1096 675 1175 propter
702 1090 866 1157 Christum
894 1093 944 1157 dei
976 1093 1119 1158 alterius.
1154 1095 1265 1175 atquin
1294 1093 1468 1174 Christum,

320 1202 459 1281 inquam,
484 1199 614 1263 alterius
639 1199 689 1262 dei
718 1198 824 1263 dioitis
848 1218 867 1262 a
890 1201 1039 1263 creatoris
1068 1200 1241 1263 uirtutibus
1270 1203 1304 1263 et
1331 1204 1469 1284 potesta-

319 1306 418 1383 tibus,
442 1311 479 1369 ut
502 1306 647 1381 aemulis,
671 1306 704 1369 in
724 1324 850 1370 erucem
870 1314 987 1370 aetum.
1013 1308 1068 1370 sed
1093 1326 1167 1371 eoae
1192 1306 1345 1371 defensus
1369 1313 1469 1371 osten·

321 1413 406 1477 ditur
438 1432 456 1475 a
488 1414 641 1476 creatore:
682 1415 720 1476 et
762 1412 848 1475 dati
890 1416 984 1477 sunt
1020 1413 1192 1495 pessimi
1228 1432 1299 1495 pro
1340 1415 1469 1495 sepul-

321 1521 412 1582 tura
444 1519 543 1596 eius,
578 1518 633 1600 qui
662 1518 786 1582 scilieet
815 1519 997 1602 subreptam
1026 1539 1094 1583 eam
1123 1520 1402 1593 adseuerauerant,
1434 1529 1506 1582 eto

320 1626 559 1707 locupletes
583 1645 651 1708 pro
675 1630 804 1689 morte
829 1625 928 1703 eius,
954 1627 1009 1708 qui
1033 1627 1158 1690 seilicet
1181 1629 1214 1690 et
1237 1627 1354 1691 eluda
1377 1627 1469 1689 tradi·

319 1730 438 1795 tionem
458 1729 656 1795 redemerant
674 1734 706 1796 et
724 1750 742 1795 a
761 1730 919 1796 militibus
938 1732 1055 1797 falsum
1070 1733 1289 1797 testimonium
1306 1732 1469 1795 cadaueris

321 1836 472 1919 subrepti.
502 1836 600 1919 igitur
629 1839 684 1900 aut
712 1858 772 1902 non
806 1842 934 1923 propter
970 1839 1063 1903 illum
1101 1839 1284 1903 aeciderunt
1320 1840 1385 1902 ista
1421 1839 1469 1902 Iu·

321 1943 407 2007 daeis
428 1942 542 2007 -sed
564 1944 736 2007 reuinseris
760 1946 959 2028 conspirante
983 1948 1016 2009 et
1034 1965 1128 2010 sensu
1148 1947 1378 2029 seripturarum
1399 1963 1468 2008 eum

322 2053 406 2116 exitu
429 2071 534 2115 rerum
559 2054 590 2115 et
609 2052 716 2115 ordine
735 2056 915 2135 temporum
939 2088 982 2099 -
1002 2057 1065 2134 aut,
1085 2054 1112 2117 si
1130 2057 1260 2136 propter
1276 2053 1370 2116 illum
1392 2051 1469 2115 acei-
1486 2074 1507 2115 11

322 2158 444 2237 derunt,
469 2178 529 2223 non
554 2158 660 2240 potuit
684 2163 805 2223 creator
828 2160 942 2223 ulcisci
966 2161 1029 2225 nisi
1052 2179 1146 2224 suum
1167 2159 1341 2231 Christum,
1365 2178 1466 2221 ramu-

321 2267 487 2328 neraturus
524 2265 631 2347 potius
668 2265 791 2343 Iudam,
834 2266 860 2330 si
898 2266 1115 2330 aduersarium
1155 2267 1205 2331 sui
1246 2254 1465 2349 peremissent.

322 2374 416 2445 sorte,
442 2370 631 2435 sinendum
656 2371 746 2435 uenit
770 2370 915 2437 Christus
940 2373 1100 2447 creatoris,
1119 2375 1248 2455 propter
1270 2392 1366 2454 quem
1391 2372 1465 2435 haec

321 2478 446 2561 passuri
470 2477 699 2560 praedicantur,
723 2498 793 2542 cum
820 2481 942 2544 uenerit
965 2499 1050 2562 orgo,
1074 2479 1241 2561 patientur.
1264 2483 1296 2544 et
1317 2479 1373 2543 ubi
1392 2482 1465 2543 tuno

321 2583 387 2648 filia
411 2584 485 2649 Sion
510 2583 765 2665 derelinquenda,
796 2604 875 2666 quae
899 2586 988 2649 nulla
1010 2586 1102 2651 bodie
1131 2586 1203 2649 est?
1233 2586 1289 2649 ubi
1317 2585 1466 2650 ciuitates
1482 2608 1506 2648 11

322 2690 506 2767 exurendae,
534 2710 614 2773 quae
641 2690 704 2754 iam
732 2692 762 2755 in
792 2692 948 2756 tumulis?
982 2693 1037 2757 urbi
1060 2692 1213 2775 dispersio
1242 2693 1359 2776 gentis,
1389 2710 1467 2773 quae

321 2797 383 2860 iam
408 2797 561 2861 extorris?
589 2797 685 2861 reddo
709 2801 829 2861 statum
852 2798 999 2874 Iudaeae,
1029 2818 1122 2881 quem
1147 2797 1293 2863 Christus
1318 2799 1466 2863 creatoris

322 2903 473 2979 inueniat,
503 2903 655 2969 stolium
680 2904 834 2968 contende
862 2904 998 2970 uenisse.
1026 2906 1090 2969 iam
1118 2924 1193 2969 uero
1222 2905 1315 2987 quale
1343 2907 1406 2979 est
1433 2906 1467 2966 nt

321 3029 377 3091 per
408 3010 531 3073 eaelum
560 3029 652 3074 suum
683 3010 848 3075 admiserit
876 3031 968 3093 quem
998 3013 1140 3093 interra
1168 3031 1226 3076 sna
1258 3017 1344 3077 esset
1376 3012 1467 3075 inter·

324 3122 499 3199 empturus,
526 3116 707 3181 honestiore
736 3118 769 3180 et
791 3116 976 3199 gloriosiore
999 3118 1088 3202 regui
1112 3119 1162 3183 sui
1185 3117 1313 3201 regione
1338 3116 1467 3189 uiolata,
1483 3142 1509 3182 so

321 3222 391 3306 ipsa
415 3223 487 3287 aula
511 3242 569 3287 sua
588 3226 620 3287 et
638 3241 707 3287 arce
728 3224 870 3287 calcata?
894 3244 933 3287 an
957 3224 1017 3288 hoe
1037 3225 1138 3309 magis
1158 3223 1352 3289 adfectauit?
1377 3224 1468 3307 plane

323 3330 400 3395 deus
419 3331 546 3395 zelotes.
571 3335 676 3393 tomen
698 3330 784 3393 uioit.
809 3331 970 3408 erubesce,
995 3331 1050 3413 qui
1068 3332 1155 3395 uicto
1176 3331 1234 3395 deo
1257 3330 1370 3396 eredis.
1393 3329 1468 3412 quid

323 3436 465 3519 sperabis
495 3436 532 3499 ab
562 3455 609 3511 eo,
639 3436 693 3517 qui
721 3454 754 3499 se
782 3441 947 3520 protegere
976 3457 1035 3502 non
1066 3436 1190 3501 ualuit?
1221 3441 1276 3501 aut
1304 3438 1387 3502 enim
1415 3456 1470 3520 par

413 3593 437 3661 1]
457 3593 501 3647 as.
522 3594 564 3656 se,
586 3593 626 3646 12.
664 3594 878 3661 31115111.
916 3596 944 3665 e]
959 3596 1005 3650 111.
1020 3598 1063 3652 53.
1079 3597 1103 3650 e.
1144 3597 1187 3665 11]
1203 3596 1238 3652 cf.
1252 3594 1351 3649 naeu.
1366 3594 1411 3662 ae,
1427 3597 1468 3648 ro.

324 3683 368 3751 121
390 3682 539 3735 11111111.
560 3683 603 3741 aa,
625 3683 736 3735 12-13.
792 3684 910 3753 20-2a]
931 3684 1074 3749 111111,
1095 3685 1173 3741 7-8.

360 3817 372 3870 1
399 3815 621 3884 quinquagesimo
645 3822 742 3869 oetouo
762 3816 849 3869 Pam:
873 3782 956 3871 Lvli
967 3818 1038 3882 Ma,
1062 3819 1287 3888 quinquagesimo
1305 3820 1423 3887 septimo
1440 3816 1469 3870 R

323 3904 449 3972 disperge
459 3904 530 3956 Pam
539 3902 576 3970 N,
592 3904 715 3972 disperde
726 3904 788 3960 Mn
825 3910 841 3958 8
857 3907 1021 3972 aemulisd1,
1031 3907 1065 3961 ab
1080 3907 1322 3976 aemulisaootpo
1360 3908 1468 3963 101111)-

322 3997 428 4061 replum
444 4009 504 4046 eum
518 3992 589 4045 Pam
637 3994 669 4047 14
688 4000 716 4046 et
735 3994 820 4047 deleri
837 3995 988 4048 uultPam
1034 3996 1180 4049 1711111111
1195 4020 1229 4041 =
1243 3997 1368 4051 Iudaeos
1421 3996 1468 4049 sd·

322 4081 470 4134 uersarium
489 4082 531 4135 sui
550 4086 594 4142 (ε
613 4082 712 4149 ipsius)
731 4082 801 4145 MF,
821 4083 1005 4137 aduersarium
1022 4084 1164 4153 (domini)
1180 4085 1224 4139 sui
1241 4085 1362 4155 Ruulgo
1408 4102 1468 4155 per·

323 4171 452 4223 emissent
468 4186 503 4223 se.
524 4168 591 4223 Iuda
610 4170 641 4223 id
659 4177 697 4223 est
716 4171 819 4224 Iudaei
896 4174 929 4225 27
950 4171 1015 4226 deus
1034 4171 1117 4233 MR&
1136 4190 1188 4225 orn.
1205 4172 1246 4226 13¹
1322 4179 1414 4227 tamen
1433 4198 1467 4219 =

317 4258 470 4326 jedeafalls
542 4258 650 4327 zelotes,
669 4263 759 4313 tamen
779 4262 862 4328 uulgo
