3250 4959
603 358 822 415 Praefatio.
1171 360 1291 427 XXXV

137 555 256 621 tullian
276 554 463 638 inscriptus,
486 553 543 637 qni
565 553 684 637 prodiit
707 554 833 638 Lipsiae
856 573 937 620 anno
958 554 1056 633 1903,
1076 554 1152 620 dnm
1175 554 1291 621 iamin

136 664 233 748 prelis
259 664 327 729 erat
350 680 443 745 opus,
467 680 486 727 a
508 680 560 726 me
582 661 615 727 in
640 662 793 727 auxilium
818 662 927 727 noceri
953 661 1061 747 potuit
1087 662 1290 745 multumque

136 772 190 837 nel
220 771 255 836 in
288 768 484 835 emendando
522 769 575 834 nel
606 770 640 834 in
672 768 910 851 interpretando
944 772 1073 836 auctore
1105 768 1184 833 mihi
1221 788 1292 853 pro·

135 878 205 943 fnit.
241 913 287 925 -
318 874 415 941 Haud
445 893 581 958 paruum
618 874 755 959 denique
791 874 933 941 fructum
967 874 1095 961 percepi
1132 894 1168 941 ex
1205 876 1291 941 curis

137 983 161 1048 I.
186 1003 260 1049 van
285 983 350 1048 der
373 980 487 1046 Vliet
507 981 734 1060 Hemonensis,
759 980 865 1065 quiin
883 980 966 1046 libro
986 998 1044 1046 eno
1063 979 1180 1049 Studia
1201 978 1291 1047 ecete-

135 1090 269 1155 siaatica
291 1088 455 1183 (Lugduni
473 1088 670 1155 Batauorum
689 1086 791 1174 1891)
811 1087 852 1155 ad
873 1088 970 1157 huius
992 1087 1169 1153 uoluminis
1191 1088 1291 1154 libros

138 1196 175 1261 dc
204 1197 368 1279 patientia
404 1199 437 1261 ct
474 1192 627 1261 setosus
658 1193 862 1260 Marcianos
898 1195 1102 1261 coniectanea
1137 1194 1292 1278 quaedam

137 1302 314 1388 congessit,
346 1302 379 1367 in
413 1301 531 1385 quibus
562 1287 649 1367 haud
681 1321 784 1385 pauca
819 1303 886 1372 tam
923 1301 1082 1387 sagaciter
1118 1304 1151 1367 et
1186 1300 1292 1387 lepide

136 1410 243 1475 inueni
268 1408 446 1488 emendata,
470 1412 508 1474 nt
531 1408 614 1473 inter
636 1407 736 1475 uerba
758 1427 796 1474 ea
817 1408 957 1491 recipere
980 1427 1042 1473 non
1066 1406 1291 1475 dubitauerim.

178 1516 321 1582 Prodest
341 1515 443 1600 igitur
463 1516 528 1584 iam
551 1515 591 1588 in=
607 1515 713 1581 lucem
736 1516 798 1581 hoe
821 1515 984 1595 uolumen,
1011 1534 1073 1581 non
1100 1515 1192 1600 parui
1215 1534 1291 1580 sane

137 1622 255 1691 laboris
275 1640 370 1706 opus,
395 1620 452 1688 sed
474 1620 577 1704 pluris
599 1621 740 1688 incundi.
765 1641 827 1706 qno
851 1622 880 1688 ei
908 1623 1109 1705 aliquantum
1130 1622 1292 1705 profuisse

137 1729 270 1795 uidebor
298 1728 484 1794 Latinorum
513 1732 680 1795 anctorum
709 1728 900 1795 difficillimo
928 1732 961 1793 et
990 1728 1229 1811 obscurissime,
1260 1730 1291 1796 is

139 1836 218 1902 estis
243 1854 382 1921 magnus
404 1834 486 1900 mihi
508 1834 605 1903 huius
631 1836 751 1901 laboris
781 1836 842 1904 erit
867 1836 1003 1902 fructus.
1032 1838 1172 1901 ceterum
1196 1855 1292 1919 quam

140 1943 232 2008 fallax
257 1942 303 2008 sit
326 1941 515 2030 emendandi
538 1960 599 2021 ars,
623 1942 809 2027 pracsertim
833 1960 907 2007 cum
935 1946 1001 2007 tam
1023 1942 1157 2010 infirmis
1180 1943 1291 2009 funda·

140 2051 256 2117 mentis
291 2048 422 2125 nitatur,
455 2049 586 2132 ipsene
615 2048 694 2118 natis
723 2053 881 2133 expertus,
908 2050 948 2114 ab
977 2049 1040 2115 alio
1067 2049 1172 2117 libens
1201 2052 1291 2135 grato

138 2156 241 2222 animo
271 2154 405 2233 discam,
435 2154 463 2221 si
489 2155 567 2239 quid
585 2157 650 2221 -nal
677 2156 717 2221 ed
743 2156 1016 2239 interpretandum
1042 2156 1097 2222 uel
1123 2155 1166 2223 ad
1187 2175 1292 2223 emen·

138 2261 275 2329 dandum
310 2264 472 2337 auctorem
506 2262 677 2329 contulerit
708 2262 917 2347 probabilius.
954 2264 1058 2328 multa
1092 2264 1178 2329 enim
1215 2264 1292 2347 quin

138 2369 339 2437 inemendata
359 2367 553 2452 reliquerim,
576 2370 681 2437 multa
704 2372 780 2453 quin
802 2370 918 2441 melius
944 2369 1069 2455 possint
1092 2371 1206 2448 sanari,
1230 2390 1292 2438 non

139 2473 266 2542 dubito:
292 2475 327 2541 id
349 2478 458 2542 autem
480 2475 561 2541 mihi
584 2476 723 2558 uindico,
747 2477 834 2561 quod
855 2477 970 2543 ubiubi
992 2477 1125 2553 suberat
1138 2476 1292 2561 interpre-

137 2581 225 2647 tandi
248 2580 360 2665 aliqua
382 2581 568 2661 difficultas,
590 2582 724 2656 tacendo
744 2602 814 2650 eam
834 2582 1046 2660 dissimulare,
1069 2586 1108 2649 ut
1129 2583 1290 2649 interdum

139 2686 206 2752 ficri
229 2690 325 2768 solet,
349 2688 447 2757 nolui.

184 2828 307 2915 Scripsi
331 2830 543 2915 Duseeldorpi
566 2832 606 2897 ad
629 2832 785 2911 Rhenum,
810 2832 858 2900 Id.
877 2832 961 2898 Non.
986 2853 1015 2904 a.
1034 2830 1247 2900 Muccccv.

767 3076 968 3160 Aemilius
995 3076 1236 3178 Knoymonn.
