3250 4959
331 436 392 499 118
559 431 677 496 Quinti
698 431 842 499 Septimi
861 427 1033 483 Florentia
1053 429 1262 482 Tertulliani

329 621 417 686 tibus
443 622 592 686 obnoxiae
616 627 699 686 retro
724 620 858 696 lucrant,
886 619 1045 684 idcircone
1069 620 1141 683 illas
1166 619 1276 684 eadem
1300 623 1366 704 pati
1391 643 1483 705 opor-

330 729 436 792 tebit?
461 749 520 792 non
546 729 666 810 opinor.
691 732 800 809 atquin
820 732 852 791 et
876 728 977 790 uestis
997 727 1085 791 albae
1105 728 1206 791 nitore
1226 733 1258 792 et
1281 730 1366 792 anuli
1391 733 1480 794 aurei

329 837 444 900 honore
461 841 492 900 et
508 836 629 917 patroni
645 836 771 899 nomine
787 854 824 899 ac
838 835 923 898 tribu
942 852 1114 916 mensaque
1129 835 1311 900 honoratur.
1330 839 1482 918 permitte

329 943 408 1006 hanc
433 947 464 1005 ot
487 942 545 1006 deo
569 945 761 1024 potestatam
786 961 843 1023 per
865 941 932 1005 uim
957 941 1183 1006 demutationis
1207 942 1296 1006 illius
1321 944 1481 1008 condicio-

329 1069 411 1114 nem.
442 1068 502 1112 non
532 1051 687 1124 naturam,
715 1048 916 1126 reformandi,
947 1047 1022 1111 dum
1047 1054 1079 1111 et
1102 1048 1265 1129 passiones
1292 1050 1483 1115 auferuntur
1515 1073 1527 1112 s

331 1160 363 1220 at
395 1155 588 1220 munitiones
622 1154 836 1219 conferuntur.
869 1157 915 1219 ita
947 1154 1088 1219 manebit
1119 1155 1246 1237 quidem
1278 1175 1350 1220 caro
1384 1160 1480 1223 etiam

329 1267 404 1344 post
426 1263 688 1327 resurrectionem
719 1269 849 1326 eatenus
873 1261 1049 1345 passibilis,
1077 1281 1138 1344 qua
1160 1263 1242 1345 ipsa,
1271 1282 1333 1344 qua
1360 1265 1480 1342 eadem,

330 1389 365 1433 ea
385 1374 490 1434 tamen
511 1369 730 1452 impassibilis,
752 1389 815 1451 qua
832 1371 863 1432 in
885 1370 944 1434 hoc
964 1371 1067 1451 ipsum
1089 1369 1285 1434 manumissa
1305 1390 1322 1434 a
1341 1370 1479 1446 domino,

330 1497 368 1541 ne
391 1477 476 1541 ultra
499 1479 563 1558 pati
588 1479 701 1560 possit.

377 1585 430 1648 58.
459 1583 714 1649 Iocunditas.
743 1584 847 1665 inquit
866 1583 987 1660 Esaias,
1015 1589 1178 1647 aeterna
1206 1603 1328 1667 super
1356 1593 1477 1668 caput
1498 1606 1523 1644 ro

331 1708 475 1755 eorum.
509 1690 587 1753 nihil
621 1695 782 1754 aeternum
811 1690 873 1754 nisi
895 1695 970 1770 post
997 1692 1271 1754 resurrectionem.
1303 1692 1475 1776 aufugit,

330 1798 444 1878 inquit,
479 1797 585 1861 dolor
614 1800 650 1859 et
673 1815 818 1860 maeror
846 1801 882 1859 et
906 1797 1071 1879 gemitus
1100 1797 1142 1860 ab
1171 1796 1263 1861 illis.
1291 1798 1423 1880 proinde
1447 1807 1478 1863 et

331 1903 462 1968 Iohanni
496 1903 643 1986 angelus:
681 1907 716 1966 ot
749 1902 893 1966 delebit
926 1902 1017 1966 deus
1046 1921 1188 1967 omnam
1219 1903 1410 1968 lacrimam
1434 1907 1476 1969 ab

332 2010 455 2074 oculis
485 2029 625 2079 eorum:
655 2010 765 2091 utique
795 2029 831 2072 er
860 2008 960 2072 isdem
991 2009 1105 2083 cesalis,
1135 2010 1189 2090 qui
1219 2013 1302 2073 retro
1325 2009 1480 2075 licuerant

331 2117 447 2197 quiquo
472 2115 575 2180 adhuc
594 2116 667 2180 llere
686 2117 878 2198 potuissent,
903 2115 1009 2179 sinon
1035 2135 1160 2179 omnem
1178 2117 1326 2180 lacrimae
1344 2117 1476 2181 imbrem
1497 2137 1522 2174 ιε
1609 2148 1610 2175 r

330 2223 528 2306 indulgentia
557 2223 665 2287 diuina
694 2223 837 2286 siccaret.
867 2227 898 2286 et
925 2241 1052 2286 rursus:
1086 2221 1176 2286 deus
1205 2223 1300 2287 enim
1334 2223 1479 2288 delebit

332 2347 476 2393 onruem
500 2328 691 2394 lacrimam
718 2330 760 2393 ab
786 2330 909 2394 oculis
935 2349 1069 2404 eorum,
1099 2334 1135 2393 et
1158 2348 1255 2393 mors
1279 2330 1476 2404 hactenus;

330 2436 429 2518 igitur
449 2440 480 2499 ct
499 2437 678 2518 corruptela
698 2436 861 2513 hactenus,
881 2434 1012 2517 proinde
1032 2455 1089 2518 per
1108 2435 1352 2517 incorruptelam
1368 2437 1479 2518 fugata

331 2542 597 2622 quemadmodum
627 2563 711 2606 mors
742 2561 796 2625 per
824 2543 1094 2606 inmortalitatem.
1124 2541 1151 2604 si
1180 2541 1269 2606 dolor
1298 2547 1330 2606 et
1356 2563 1479 2607 maeror

332 2651 364 2712 et
397 2649 534 2732 gemitus
568 2649 699 2731 ipsaque
733 2669 818 2713 mors
852 2668 887 2712 er
919 2649 1053 2712 laesuris
1087 2653 1118 2712 ct
1155 2649 1279 2712 animae
1312 2651 1343 2713 et
1375 2651 1521 2714 camisas

332 2755 515 2820 obueniunt.
535 2755 693 2837 quomodo
711 2756 902 2832 auferentur,
923 2755 984 2819 uisi
1000 2756 1195 2820 cessauerint
1210 2773 1335 2831 causae,
1355 2756 1480 2820 scilicet

332 2862 473 2924 laesurae
493 2861 595 2925 carnis
620 2865 714 2942 atque
738 2861 884 2925 animae?
913 2861 966 2925 ubi
996 2880 1088 2926 casus
1117 2861 1242 2926 aduersi
1272 2862 1356 2944 apud
1381 2862 1479 2926 domi-

332 2971 427 3030 num?
453 2973 508 3030 aut
531 2967 587 3031 ubi
609 2968 756 3032 incursus
780 2969 889 3032 infesti
909 2967 992 3050 apud
1017 2967 1202 3032 Christum?
1226 2969 1282 3033 ubi
1302 2969 1479 3034 daemonici

330 3075 469 3154 impetus
503 3074 586 3154 apud
612 3075 758 3155 spiritum
792 3080 948 3151 sanctum,
985 3074 1048 3137 iam
1081 3082 1113 3138 et
1143 3075 1214 3158 ipso
1247 3075 1372 3140 diabolo
1407 3095 1477 3140 cum

333 3179 453 3262 angelis
478 3181 544 3244 suis
573 3180 699 3263 ignibus
725 3185 850 3244 merso?
879 3180 933 3244 ubi
962 3182 1134 3244 necessitas
1164 3187 1220 3246 aut
1248 3181 1333 3263 quod
1361 3181 1521 3245 dicituras

333 3285 457 3350 fortuna
480 3287 532 3350 uel
557 3287 679 3351 fatum?
704 3307 782 3369 quae
803 3287 1003 3352 resuscitatis
1022 3287 1117 3370 plaga
1135 3291 1209 3370 post
1227 3287 1375 3352 ueniam?
1401 3305 1479 3370 quae

331 3393 544 3458 reconciliatis
569 3395 613 3456 ira
638 3398 711 3476 post
732 3394 886 3476 gratiam?
912 3415 991 3476 quae
1015 3394 1181 3460 iufirmitas
1206 3400 1280 3478 post
1304 3395 1478 3458 uirtutem?

333 3519 411 3580 quae
440 3499 643 3563 imbecillitas
673 3508 746 3581 post
775 3501 933 3564 salutem?
966 3501 1050 3581 quod
1078 3502 1271 3565 uestimenta
1303 3506 1336 3564 et
1368 3501 1480 3566 caloia-

425 3743 730 3812 1o-raqnsasro.
784 3745 828 3812 13]
848 3745 933 3814 apoc.
953 3745 977 3810 a,
996 3745 1036 3797 rr.
1093 3743 1333 3813 ropnpocszrr.
1385 3744 1430 3812 24]
1447 3742 1479 3797 cr.

334 3833 415 3902 rpus.
436 3834 478 3894 ao,
500 3833 539 3888 ro.
596 3834 641 3902 asp
664 3835 696 3887 er.
717 3835 797 3886 neus.
819 3835 844 3900 a,
863 3836 893 3896 r;
915 3835 957 3900 aa,
977 3835 1002 3887 s.

372 3976 383 4026 l
406 3975 466 4026 illas
486 3975 521 4027 ll
543 3979 565 4033 (s
586 3981 667 4031 eruat
688 3975 722 4034 F.
747 3975 794 4028 illa
813 3977 933 4044 Parulpo
988 3974 1004 4026 2
1029 3974 1102 4026 anuli
1128 3975 1200 4028 aurei
1219 3973 1288 4029 ΜΡ.
1313 3973 1387 4027 aurei
1407 3973 1481 4026 anuli

335 4063 451 4130 Purrlpo
507 4067 523 4116 4
543 4064 739 4117 ‹lernutationis
757 4065 832 4117 illius
851 4064 885 4121 F.
905 4064 978 4116 illius
998 4063 1192 4116 demutationis
1211 4063 1273 4116 MP
1289 4061 1346 4129 (sed
1367 4061 1482 4115 inuenit

335 4153 457 4206 ordinem
478 4169 510 4205 rra.
533 4158 557 4218 1)
622 4156 637 4199 d
658 4171 711 4222 qua
730 4153 759 4205 F
770 4153 835 4206 Geir
854 4154 917 4220 quia
937 4152 1000 4205 PM
1063 4153 1095 4205 18
1114 4153 1366 4222 igitur-hactenus
1386 4167 1437 4202 om.
1457 4151 1484 4202 P

335 4242 410 4308 (aoid.
426 4241 452 4294 R
472 4241 501 4293 in
522 4259 571 4310 asp.
592 4259 623 4294 cc
643 4242 850 4310 Hs‘rsnnpz'enei)
907 4241 938 4294 19
956 4258 1048 4302 „mors
1066 4259 1114 4310 per
1127 4241 1163 4306 B,
1182 4257 1230 4310 per
1244 4238 1333 4292 PMF
1384 4239 1419 4290 22
1434 4235 1483 4290 do·

335 4331 434 4382 minum
455 4331 549 4394 PMF,
570 4330 649 4382 deum
672 4332 694 4382 (J
