3250 4959
317 408 381 471 398
545 400 1015 471 QuinriSepennirlorentm
1034 400 1241 453 TertuHiani

316 601 522 681 argentum.
549 597 586 661 de
610 596 665 662 illo
690 600 794 660 autem
820 600 896 661 tunc
920 595 988 659 auri
1011 615 1140 659 munero
1164 596 1260 661 etiam
1284 594 1407 659 Dauid:
1430 599 1466 658 et

315 706 467 769 dabitur
494 705 553 769 illi
583 724 623 768 ex
648 724 736 768 auro
761 703 929 779 Arabiae,
960 707 993 767 et
1014 722 1139 769 rursus:
1167 722 1276 787 reges
1300 702 1464 765 Arabum

315 816 351 874 et
376 810 471 876 Saba
494 830 646 875 munera
671 810 836 875 offerent
859 810 930 873 illi.
955 829 1027 873 uam
1051 814 1084 873 et
1105 828 1217 893 magos
1240 828 1334 893 reges
1353 808 1464 873 habuit

314 918 378 983 fere
402 918 503 982 oriens
528 922 560 981 et
580 918 755 981 Damascus
779 916 913 980 Arabiae
937 919 1019 980 retro
1044 915 1267 998 deputabatur,
1292 918 1463 998 antequam

313 1026 502 1107 transcripta
529 1028 616 1089 esset
642 1025 673 1087 in
702 1022 954 1105 Syrophoenicen
988 1042 1024 1086 ex
1052 1022 1256 1087 distinctione
1289 1021 1462 1105 Syriarum,
1494 1042 1506 1079 a

314 1132 404 1195 cuius
429 1136 504 1195 tuuc
523 1130 676 1195 uirtutem
696 1130 842 1195 Christus
866 1129 990 1211 accepit
1013 1129 1196 1211 accipiendo
1219 1129 1360 1213 insignia
1384 1132 1462 1195 eins.

314 1256 425 1301 aruum
450 1238 575 1303 scilicet
598 1242 629 1300 et
653 1237 775 1305 odores,
801 1236 903 1319 spolia
926 1242 1033 1299 autem
1053 1234 1213 1301 Samariae
1231 1236 1320 1317 ipsos
1340 1256 1461 1320 magos,

313 1344 367 1424 qui
391 1364 462 1407 cum
488 1342 579 1407 illum
603 1344 831 1425 cognouissent
849 1348 881 1406 et
899 1343 1082 1407 muneribus
1102 1343 1310 1407 honorassent
1329 1348 1363 1407 et
1380 1364 1460 1428 genu

312 1450 416 1531 posito
437 1450 621 1513 adorassent
639 1448 730 1531 quasi
750 1450 844 1513 deum
869 1454 901 1513 et
924 1468 1029 1532 regem
1054 1450 1113 1512 sub
1137 1449 1324 1513 testimonio
1348 1450 1461 1515 indicis

312 1560 344 1621 et
368 1556 457 1621 ducis
482 1555 604 1633 stellae,
630 1556 732 1638 spolia
761 1559 835 1620 sunt
861 1556 938 1619 facti
962 1555 1131 1630 Samariae,
1155 1556 1188 1619 id
1211 1560 1262 1620 est
1285 1556 1460 1623 idolatriae,
1480 1580 1502 1615 n

312 1663 475 1727 credentes
513 1662 665 1727 uidelicet
701 1662 732 1725 iu
762 1662 933 1727 Christum.
975 1662 1152 1726 idolatriam
1186 1662 1270 1725 enim
1299 1661 1460 1726 Samariae

312 1770 436 1833 nornine
456 1754 591 1847 notauit,
615 1774 652 1831 ut
674 1769 903 1851 ignominiosae
927 1768 966 1831 ob
991 1768 1180 1843 idolatriam,
1199 1788 1261 1851 qua
1280 1768 1460 1833 desciuerat

310 1884 387 1941 tunc
417 1894 435 1939 a
463 1876 521 1939 deo
551 1875 610 1938 sub
638 1893 712 1957 rege
740 1874 941 1939 Hieroboam.
974 1894 1029 1939 ner
1062 1875 1122 1939 hoo
1151 1875 1232 1939 enim
1263 1894 1383 1939 nouum
1412 1883 1461 1939 est

311 1983 453 2061 creatori,
487 1982 621 2059 figurate
654 1982 702 2045 uti
734 1981 940 2045 translatione
968 1982 1129 2046 nominum
1159 2000 1196 2045 ex
1224 1982 1458 2063 comparatione

310 2090 486 2153 criminum.
520 2108 591 2151 nam
626 2092 656 2151 et
690 2088 855 2152 archontas
887 2086 1096 2152 Sodomorum
1124 2089 1266 2170 appellat
1291 2088 1457 2153 archontas
1478 2106 1501 2145 o

310 2196 497 2261 ludaeorum
518 2198 550 2258 et
563 2195 716 2276 populum
731 2194 838 2276 ipsum
856 2194 1009 2276 populum
1021 2193 1191 2258 Gomorrae
1206 2198 1310 2269 uocat,
1327 2198 1362 2258 et
1374 2194 1456 2259 idem

310 2302 401 2365 alibi:
426 2308 543 2383 pater.
568 2301 681 2383 inquit,
702 2304 790 2365 tuus
810 2304 1011 2365 Amorreus
1031 2305 1067 2364 et
1085 2304 1204 2364 mater
1222 2305 1287 2364 tua
1306 2300 1455 2368 Cethea.

310 2409 349 2471 ob
380 2408 577 2472 consimilem
606 2407 815 2489 impietatem,
846 2426 925 2489 quos
954 2406 1124 2487 aliqnando
1154 2408 1250 2471 etiam
1274 2426 1350 2471 suos
1375 2408 1455 2472 filios

309 2514 442 2578 dixerat:
467 2514 574 2577 filios
600 2512 779 2598 generaui
804 2516 841 2577 et
865 2514 1041 2578 exaltaui.
1066 2514 1112 2579 sio
1137 2519 1168 2577 et
1190 2514 1357 2597 Aegyptus
1383 2534 1457 2579 uon-

308 2640 481 2702 numquam
506 2623 593 2685 totus
618 2620 703 2685 orbis
726 2620 926 2703 intellegitur
948 2621 1032 2702 apud
1054 2621 1145 2684 illum
1165 2620 1406 2701 superstitionis
1426 2628 1456 2685 et
1471 2639 1499 2676 ιο

308 2726 1455 2811 maledictioniselogiosicetBabylonetiamapudlohanuemnostmm

308 2833 465 2897 Romanae
484 2834 572 2898 urbis
591 2834 693 2917 figura
712 2837 771 2909 est,
791 2834 920 2916 proinde
940 2853 1073 2916 magnae
1093 2837 1123 2898 oi
1141 2853 1238 2918 regno
1253 2834 1409 2916 superbae
1423 2841 1455 2898 et

308 2945 488 3003 sanctorum
504 2939 553 3003 dei
569 2940 792 3005 debellatricis.
808 2941 868 3003 hoc
883 2940 991 3021 itaque
1008 2960 1067 3005 usu
1082 2959 1193 3023 magos
1209 2960 1336 3023 quoque
1347 2940 1453 3007 Sama-

307 3048 438 3110 ritarum
459 3046 669 3128 appellatione
690 3047 844 3123 titulauit,
865 3046 1059 3129 despoliatos
1080 3047 1164 3129 quod
1183 3047 1357 3111 habuerant
1381 3067 1452 3113 curn

308 3152 482 3227 Samaritis,
498 3156 535 3217 ut
550 3153 695 3226 diximus,
711 3154 901 3218 idolatriam.
917 3154 1070 3218 aduersus
1086 3174 1192 3239 regem
1207 3158 1313 3219 antem
1328 3156 1453 3236 Assyri-
1470 3168 1499 3207 ²⁸

306 3276 395 3321 orum
407 3258 559 3322 aduersus
570 3259 727 3323 Herodem
742 3259 902 3343 intellege.
914 3259 965 3322 cui
980 3261 1090 3343 ntique
1104 3260 1264 3325 aduersati
1278 3266 1354 3324 sunt
1367 3263 1453 3344 magi

306 3368 382 3427 tunc
405 3383 465 3428 nou
490 3364 696 3428 renuntiando
722 3364 759 3428 de
784 3365 921 3441 Christo,
947 3385 1039 3448 quem
1062 3366 1248 3450 intercipere
1272 3368 1453 3449 quaerebat.

353 3472 402 3537 14.
435 3470 650 3534 Adiunabitur
682 3472 758 3535 haec
791 3476 899 3535 nostra
931 3473 1160 3554 interpretatio,
1197 3473 1273 3537 dum
1310 3479 1343 3538 et
1375 3474 1452 3539 alibi

305 3574 489 3640 bellatorem
513 3577 695 3641 existimans
721 3577 882 3641 Christum
906 3580 946 3642 ob
966 3598 1124 3643 armorum
1143 3580 1338 3661 quorundam
1358 3600 1452 3645 uoca-

304 3682 378 3745 bula
407 3686 438 3745 et
466 3682 621 3745 eiusmodi
644 3682 742 3747 uerba
766 3702 800 3746 er
825 3684 1018 3767 reliquorum
1043 3704 1167 3767 qnoque
1191 3704 1341 3750 sensnum
1366 3704 1450 3751 com·
1469 3704 1495 3741 ³⁰

304 3787 463 3870 paratione
483 3789 690 3854 conuinceris.
715 3790 921 3873 accingere,
942 3792 1045 3873 inquit
1060 3792 1173 3869 Dauid,
1194 3812 1317 3856 ensem
1338 3812 1451 3875 super

393 3978 606 4047 1}Psi1.1‹'›.
663 3982 690 4047 ‘ll
711 3982 754 4033 Ps.
775 3982 817 4047 71,
838 3982 879 4033 10.
935 3982 1162 4050 Nobilem.
1215 3982 1449 4055 latetlllrreg.

304 4067 344 4131 12,
364 4068 478 4121 28-31.
535 4068 579 4136 15]
600 4068 692 4123 ollis.
712 4070 791 4125 l.10.
845 4070 1048 4137 ulterari.
1106 4072 1148 4141 19]
1169 4072 1213 4125 Es.
1234 4074 1297 4139 1,2.
1351 4074 1449 4143 2llcf.

303 4158 384 4222 apoc.
408 4158 444 4217 14,
467 4158 496 4213 8:
518 4157 559 4221 17,
579 4160 608 4223 ὃς
630 4159 670 4217 lh',
694 4158 732 4210 10.
788 4157 833 4226 ut]
854 4156 886 4209 cf.
906 4158 1004 4211 hlatth.
1024 4160 1049 4218 ‘2,
1071 4160 1110 4212 12.
1166 4160 1212 4229 32]
1231 4160 1276 4217 Pa.
1295 4162 1339 4224 44,
1357 4164 1384 4216 4.

337 4280 543 4341 iesaetMRt
565 4282 680 4335 erorlrl
735 4284 768 4333 ‘26
789 4282 963 4349 intellige—M
1016 4286 1048 4337 31
1070 4302 1160 4339 ensem
1182 4285 1412 4343 GeirenseMR
