3250 4959
328 390 392 453 428
556 386 670 452 Quinti
690 387 832 457 Septimi
849 386 1021 441 Plorantis
1039 386 1240 441 Tertulliani

328 603 421 665 quam
442 583 583 649 docebat.
606 583 735 667 proinde
754 584 782 649 si
802 586 834 647 θῖ
851 583 1112 667 pseudoapostoli
1130 582 1336 665 inrepserant,
1361 582 1475 648 borum

329 710 453 773 qnoque
487 691 623 773 qualitas
657 691 741 755 edito
773 696 833 769 est,
871 690 1142 755 circumcisionem
1178 690 1410 755 uindicantium
1443 696 1476 754 et

327 796 474 861 Iudaicos
489 798 603 863 fastus.
629 797 706 862 adeo
721 816 782 862 nou
798 797 837 861 de
850 797 1094 879 praedicatione,
1112 797 1168 863 sed
1182 796 1221 862 de
1235 799 1476 863 conuersatione

328 922 345 966 a
368 902 467 969 Paulo
493 903 732 981 denotabantur,
758 922 858 985 aeque
881 903 1079 983 denotaturo,
1104 903 1132 969 si
1156 904 1231 986 quid
1256 904 1294 968 de
1313 904 1372 969 deo
1391 924 1475 971 crea·

326 1015 394 1074 tore
428 1014 483 1075 aut
516 1009 642 1075 Christo
681 1012 748 1075 eius
782 1015 948 1075 errassent.
985 1011 1086 1094 igitur
1121 1010 1347 1096 distinguenda
1383 1020 1512 1077 erunts

328 1118 464 1200 singula.
489 1117 516 1181 si
541 1118 703 1197 apostolos
722 1117 1001 1200 praeuaricationis
1021 1122 1055 1181 et
1072 1118 1286 1183 simulationis
1305 1121 1475 1199 suspectos

330 1221 469 1287 Marcion
499 1222 607 1286 haberi
635 1224 778 1304 queritur
807 1243 910 1305 usque
943 1223 983 1287 ad
1015 1223 1173 1307 euangelii
1205 1224 1476 1307 deprauationem.

328 1328 489 1393 Christum
508 1328 572 1392 iam
592 1334 731 1405 accusat,
756 1329 934 1394 accusando
955 1350 1035 1412 quos
1054 1329 1201 1395 Christus
1221 1330 1328 1413 elegit.
1352 1330 1381 1393 si
1398 1349 1474 1395 uero

327 1434 465 1515 apostoli
484 1435 612 1516 quidem
631 1434 791 1519 integrum
811 1437 1015 1519 euangelium
1035 1436 1245 1513 contulerunt,
1266 1437 1305 1501 de
1320 1436 1391 1501 sola
1404 1456 1475 1501 con·

326 1542 433 1605 nictus
452 1541 678 1623 inaequalitate
697 1541 888 1625 reprehensi,
907 1542 1169 1624 pseudoapostoli
1184 1545 1290 1605 autem
1305 1542 1475 1607 uentruem
1491 1566 1514 1604 a

328 1666 436 1711 eorum
463 1648 735 1729 interpolauerunt
764 1651 795 1711 et
822 1648 895 1712 inde
919 1651 995 1713 sunt
1016 1651 1124 1713 nostra
1147 1647 1282 1731 digesta,
1306 1648 1394 1729 quod
1416 1650 1476 1713 erit

326 1772 510 1837 germanum
525 1753 605 1818 illud
617 1755 833 1835 apostolorum
845 1754 1103 1829 instrumentum,
1115 1754 1200 1837 quod
1210 1755 1372 1819 adulteros
1382 1756 1475 1839 (non)

325 1880 457 1943 passum
477 1866 545 1925 est?
567 1862 651 1943 quod
670 1861 805 1925 Paulum
829 1860 1035 1925 inluminauit
1059 1863 1092 1926 et
1114 1862 1153 1925 ab
1173 1880 1208 1925 eo
1228 1861 1372 1925 Lucam?
1396 1864 1430 1925 at
1447 1862 1473 1925 si

326 1969 391 2031 tam
410 1967 553 2032 funditus
574 1967 713 2032 deletum
730 1972 788 2045 est,
804 1972 842 2031 ut
855 1968 1047 2050 cataclysmo
1062 1968 1197 2049 quodam
1211 1967 1257 2032 ita
1269 1968 1473 2032 inundatione

325 2074 523 2139 falsariorum
538 2076 764 2152 obliteratum,
792 2076 855 2138 iam
884 2094 958 2159 ergo
983 2094 1039 2139 nec
1062 2075 1202 2139 Marcion
1226 2074 1325 2138 babet
1349 2093 1471 2139 uerum.
1488 2096 1510 2135 a
1605 2111 1606 2134 r

326 2184 381 2244 aut
410 2182 436 2244 si
465 2182 570 2263 ipsum
596 2182 656 2246 erit
684 2202 806 2259 uerum,
834 2182 866 2246 id
896 2186 945 2246 θεῖ
971 2183 1198 2265 apostolorum,
1223 2180 1309 2262 qurod
1331 2181 1471 2245 Marcion

325 2287 419 2351 habet
434 2288 533 2366 solus,
550 2289 582 2352 id
597 2288 755 2370 quomodo
770 2294 878 2353 nostro
894 2292 1057 2361 consonat,
1068 2287 1152 2371 quod
1166 2307 1228 2352 non
1243 2287 1470 2370 apostolorum,

327 2393 383 2456 sed
397 2394 500 2459 Lucae
516 2395 670 2459 refertur?
686 2397 741 2459 aut
756 2394 782 2457 si
798 2414 858 2459 non
874 2395 984 2459 statim
999 2395 1103 2459 Lucae
1118 2393 1336 2477 deputandum
1346 2400 1397 2459 est
1410 2412 1468 2477 quo

325 2500 463 2565 Marcion
483 2502 595 2578 utitur,
620 2502 693 2582 quia
714 2506 821 2565 nostro
841 2507 1003 2579 consonat,
1027 2501 1152 2566 scilicet
1173 2500 1353 2565 adulterato
1377 2502 1469 2565 etiarn

325 2608 408 2670 circa
431 2606 572 2685 titulum,
592 2613 731 2671 ceterum
757 2608 974 2690 apostolorum
998 2612 1057 2685 est,
1080 2607 1144 2672 iam
1163 2626 1237 2690 ergo
1262 2611 1295 2671 θῖ
1316 2610 1508 2681 nostrumne
1604 2621 1605 2640 ¹

325 2712 410 2794 quod
432 2713 479 2777 illi
500 2716 661 2789 consonat,
682 2734 780 2796 aeque
800 2716 1015 2796 apostolorum
1035 2718 1095 2779 est.
1114 2713 1182 2778 ‘sed
1200 2713 1417 2777 adulteratum
1434 2713 1469 2777 de

324 2818 419 2883 titulo
435 2827 582 2901 quoque)
602 2822 630 2883 4.
649 2820 735 2883 lunis
751 2839 825 2903 ergo
842 2820 1003 2885 ducendus
1020 2824 1069 2883 est
1087 2820 1299 2885 contentionis
1317 2819 1386 2901 pari
1400 2820 1469 2883 binc

323 2924 395 2987 inde
415 2925 486 2989 nisu
506 2925 692 2992 fluctuante:
708 2946 765 3010 ego
785 2946 892 2991 meum
907 2927 976 2991 dico
992 2947 1115 3005 uerum,
1129 2926 1270 2992 Marcion
1285 2946 1398 3009 suum;
1413 2945 1467 3011 ego

323 3032 494 3097 Marcionis
519 3033 647 3099 adfirmo
673 3035 898 3111 adulteratum,
921 3033 1064 3097 Marcion
1082 3052 1200 3097 meum.
1221 3033 1292 3115 quis
1312 3033 1467 3097 internos

324 3139 557 3205 determinabit.
583 3142 644 3205 nisi
666 3142 820 3225 temporis
840 3143 931 3219 ratio,
952 3142 981 3206 ei
999 3142 1217 3224 praescribens
1237 3142 1468 3217 auctoritatem,
1483 3163 1507 3204 a

324 3246 409 3329 quod
442 3249 604 3331 antiquius
637 3251 843 3332 repperietur,
877 3254 910 3313 θῖ
942 3250 971 3313 θί
1003 3248 1224 3332 praeiudicans
1257 3249 1468 3327 uitiationem,

324 3354 409 3436 qirod
431 3356 591 3438 posterius
615 3359 817 3420 reuincetur‘?
841 3356 872 3419 in
892 3361 1047 3439 quantum
1066 3356 1151 3420 enim
1168 3356 1284 3420 falsum
1311 3355 1468 3439 corruptio

414 3479 438 3546 1]
459 3478 492 3531 er.
514 3476 572 3531 oar.
591 3480 617 3543 2,
636 3479 661 3532 4.
717 3480 743 3546 a]
764 3478 797 3531 of.
818 3477 877 3532 ear.
897 3480 922 3538 a.
942 3478 1022 3531 a-s.

361 3585 372 3636 1
394 3584 615 3653 pseudoapostoli
633 3584 703 3651 MF,
723 3585 926 3653 pseudapostoli
943 3585 1062 3654 acopo
1139 3586 1156 3638 3
1175 3583 1263 3637 fastus
1281 3582 1366 3651 w,
1384 3582 1468 3637 fastos

322 3672 361 3727 12³
372 3674 453 3739 sculpo
501 3675 533 3725 10
544 3673 765 3741 pseudoapostoli
775 3674 845 3740 MF,
859 3672 1062 3742 pseudapostoli
1076 3672 1197 3741 Ruulpo
1238 3673 1270 3725 ll
1287 3688 1340 3741 quo
1355 3676 1402 3736 (=
1411 3670 1468 3743 aba]

322 3761 386 3829 Eup
423 3762 456 3814 12
471 3778 524 3814 non
544 3761 651 3825 addidi,
671 3762 808 3815 adulteros
829 3780 936 3831 passum
952 3767 1001 3822 est,
1017 3762 1089 3829 quod
1100 3802 1106 3813 .
1117 3803 1123 3815 .
1134 3802 1141 3814 .
1152 3760 1271 3814 Lucam?
1289 3761 1356 3831 Eup
1394 3764 1426 3815 13
1441 3768 1469 3815 at

321 3852 435 3917 scripsi:
449 3855 496 3903 aut
506 3850 567 3903 MR
610 3852 642 3903 14
657 3854 713 3904 tarn
727 3851 797 3910 Ma.
813 3852 866 3904 iam
876 3851 941 3920 Εηρ
987 3852 1018 3903 17
1029 3856 1094 3919 post
1107 3851 1180 3903 solus
1194 3850 1468 3919 Mpnumintmopa·

322 3941 406 3992 u'onza
416 3940 505 3992 dolosi
559 3938 711 4005 idaorepsi:
728 3940 830 3994 etMR
871 3940 905 3993 20
920 3946 1038 3992 ceterum
1052 3940 1165 4009 (=aed)
1179 3938 1468 3993 Ciucooaiuatoetero·

321 4044 379 4079 rum
390 4028 452 4082 Mlt
488 4030 519 4081 21
534 4027 735 4097 estseduulpo
782 4026 1470 4097 sed-quoqueuducrcnriisnnt5proptereamnle

318 4121 382 4183 post
406 4133 513 4185 quoque
538 4116 747 4184 distinebantur
769 4118 866 4185 capita
956 4119 989 4170 25
1010 4116 1204 4171 determinabit
1219 4116 1257 4185 B,
1276 4114 1469 4170 determiuauit

322 4204 386 4256 ΜΡ
437 4206 471 4257 26
491 4206 618 4273 antiquus
637 4205 674 4259 M
745 4207 914 4275 repperietur
928 4206 997 4271 MF,
1017 4204 1206 4274 reperieturB
1259 4204 1293 4257 27
1313 4204 1469 4259 reuiucctur

321 4292 474 4345 inuenietur
492 4294 573 4354 MR¹,
592 4295 745 4347 inuenietur
764 4296 815 4348 (dcl.
835 4294 874 4348 R³
