3250 4959
253 354 347 421 XIIII
718 351 938 407 Praelatio.

250 547 404 615 iudicium
435 548 528 624 ierne,
561 565 597 613 ex
629 565 692 629 quo
725 546 764 613 ad
799 546 936 613 eundern
965 547 1058 613 illum
1085 548 1204 613 librum
1229 546 1269 612 de
1294 549 1404 615 cereo

250 654 476 721 resurreetione
489 653 668 721 adnotasse
692 672 727 720 se
752 654 832 719 dicit
852 654 959 720 nemas
977 653 1130 721 lectiones
1153 653 1316 720 Iacobus
1338 652 1402 719 Pe·

251 761 400 838 melius,
425 760 578 827 loannis
603 760 814 828 elementis
836 760 950 846 Angli
973 760 1044 827 dioc
1068 758 1185 826 librum
1207 756 1278 847 (O).
1305 779 1401 845 quem

251 867 392 939 codicem
418 867 479 934 etsi
503 866 588 934 haud
610 867 703 952 perui
724 868 879 934 momenti
902 886 974 935 esse
989 866 1131 934 ,concedo
1149 867 1182 932 in
1199 866 1402 933 recensendis

251 973 464 1041 duobus-illis
489 974 628 1059 seriptis,
658 994 739 1060 quoe
761 993 921 1059 nusquam
942 974 1006 1041 nisi
1028 974 1113 1059 apud
1135 973 1347 1041 Mesnnrtium
1368 975 1403 1039 et

251 1079 420 1147 Gelonium
444 1084 638 1164 comparent,
674 1118 712 1129 -
748 1079 786 1147 de
808 1078 972 1162 pudr'cde'en
993 1081 1063 1147 dice
1087 1079 1182 1147 etde
1203 1081 1324 1146 nimio
1344 1078 1402 1147 ud·

248 1206 361 1253 eernere
377 1186 542 1271 psychicos
568 1224 613 1237 -
639 1206 713 1255 cum
742 1187 829 1254 hond
855 1206 958 1271 pauca
974 1188 1043 1255 illic
1066 1189 1244 1254 seruauerit
1265 1190 1349 1271 qnae
1367 1187 1401 1253 in

248 1293 282 1360 B
301 1298 333 1359 et
355 1292 417 1361 θεῖ
432 1294 672 1377 interciderunt,
695 1313 751 1381 pro
769 1294 903 1378 reliqms
922 1294 1051 1379 scriptis
1069 1294 1101 1361 in
1122 1293 1289 1361 detodoris
1306 1296 1400 1363 noue

249 1399 403 1468 subsidiis
426 1400 654 1469 numerandum
679 1420 751 1469 esse
773 1400 890 1468 iudico.
927 1400 1058 1469 minime
1080 1403 1188 1467 eutem
1211 1401 1304 1484 seqni
1326 1420 1402 1467 eum

249 1507 340 1575 uolui
371 1508 404 1573 in
435 1505 517 1575 libro
533 1553 536 1561 ·
550 1506 589 1575 de
619 1510 728 1588 oerore
758 1508 990 1575 resurrectione.
1012 1526 1086 1573 nam
1115 1506 1177 1572 etsi
1203 1510 1236 1573 et
1261 1507 1400 1574 hicnon

250 1614 366 1681 desunt
396 1614 471 1695 loci,
508 1601 565 1683 nbi
596 1615 690 1685 illum
722 1615 855 1701 probare
886 1616 1028 1699 reliquos
1059 1614 1228 1698 reprobare
1258 1634 1316 1700 per
1346 1615 1400 1696 eit,

250 1719 389 1788 dubitari
420 1724 541 1807 nequit,
573 1723 650 1807 quin
682 1727 716 1791 et
746 1722 938 1790 coniecturis
970 1728 1004 1788 et
1028 1721 1330 1805 interpolationibus
1357 1721 1402 1789 sit

249 1827 451 1912 depranetue,
473 1830 631 1915 imprimis
652 1830 708 1897 ubi
731 1831 908 1914 scripturae
929 1828 994 1895 looi
1015 1828 1198 1894 efferuntur.

295 1935 398 2003 Haec·
417 1938 566 2021 quoniam
599 1936 848 2029 disputaninnus
873 1939 911 2002 ut
946 1935 1039 2018 quale
1073 1934 1230 2002 indicium
1261 1936 1401 2003 feremus

249 2044 359 2126 petent
382 2041 422 2109 de
445 2045 514 2111 tote
535 2043 593 2111 illa
613 2044 778 2122 memoria,
802 2061 898 2127 quam
920 2041 1073 2107 debemus
1096 2042 1250 2108 coenobio
1274 2041 1401 2110 Cluuie-

250 2148 348 2229 censi‚
370 2149 435 2219 iem
460 2149 601 2235 deipsis
624 2149 851 2234 manuscriptis
874 2152 907 2214 et
928 2146 1157 2232 superstitibus
1176 2152 1210 2215 et
1226 2144 1401 2233 deperditis

250 2274 329 2342 quae
361 2256 394 2322 in
425 2257 488 2324 hcc
514 2258 678 2325 uolumine
705 2254 883 2323 adhibendo
907 2253 1036 2320 sciendo
1058 2258 1135 2321 eunt
1156 2257 1269 2342 paucis
1291 2255 1400 2323 adum·

249 2363 421 2431 brebimus.

294 2470 438 2538 Primum
470 2472 538 2539 sine
571 2470 667 2537 dubio
694 2470 777 2536 inter
804 2466 916 2534 critica
938 2466 1035 2534 huius
1058 2468 1233 2536 uoluminis
1256 2468 1402 2537 subsidia

251 2578 375 2645 obtinet
396 2578 505 2649 locum
529 2579 627 2644 codex
648 2573 1014 2659 Mentopeeeu'lanus
1038 2577 1087 2642 ,54
1110 2576 1190 2661 (Μ),
1221 2596 1317 2661 quem
1338 2574 1402 2643 etsi

162 2724 171 2733 π
250 2704 311 2753 non
334 2687 404 2771 ipse
428 2684 551 2753 contuli
573 2688 678 2751 tamen
701 2681 781 2747 meis
805 2680 907 2747 oeulis
929 2680 1085 2765 inspicere
1107 2704 1171 2752 non
1193 2683 1328 2770 neglexi
1349 2684 1402 2751 est

250 2792 331 2859 liber
365 2792 486 2859 formae
523 2789 678 2874 oblongae
710 2791 824 2872 patens
852 2785 884 2852 in
912 2788 1115 2858 altitudinem
1138 2792 1326 2858 centimetra
1346 2789 1402 2855 tui-

251 2898 340 2984 ginta
362 2918 427 2978 ser,
453 2898 485 2964 in
509 2896 711 2963 latitudinem
734 2893 962 2979 undetriginta,
984 2897 1264 2977 membranaceus,
1281 2895 1404 2963 saeculi

250 3004 298 3071 XI
328 3007 366 3071 ut
396 3004 477 3071 mihi
504 3002 634 3069 uidetur
659 3000 810 3079 ineuntis,
844 3000 981 3069 ducente
1007 3004 1238 3091 qninquaginta
1265 3006 1403 3089 quatuor

252 3112 414 3181 continens
446 3108 555 3182 iolie¹l
587 3112 619 3173 et
646 3110 789 3175 exaratus
816 3108 851 3173 in
872 3107 957 3177 binis
980 3112 1149 3190 columnis,
1181 3114 1317 3195 querum
1338 3109 1402 3176 sin·

253 3221 348 3305 gulae
364 3215 581 3301 undetriginta
598 3215 716 3281 hebent
734 3235 858 3283 uerene.
882 3221 934 3283 est
956 3218 1195 3303 elegantissime
1211 3220 1352 3302 scriptus
1370 3220 1404 3284 et

253 3324 363 3392 eadem
394 3322 513 3406 ubique
546 3338 622 3387 cura
649 3323 682 3385 et
708 3320 885 3407 diligentie,
918 3326 956 3389 nt
982 3326 1124 3391 omnium
1149 3343 1229 3407 quoe
1252 3342 1311 3407 ego
1336 3321 1403 3387 uidi

253 3431 398 3497 codicum
413 3426 600 3493 Tertulliani
618 3427 713 3511 longe
733 3428 776 3493 sit
794 3428 1020 3501 nitidissimus.
1039 3430 1072 3496 in
1090 3429 1193 3513 primo
1211 3428 1289 3494 folio
1307 3446 1402 3497 uerso

253 3538 293 3603 ab
316 3536 425 3605 eadem
444 3553 549 3613 manu,
569 3551 650 3615 qnae
669 3532 810 3601 codicem
828 3535 936 3619 ipsum
956 3536 1108 3614 exorauit,
1126 3536 1327 3620 praepositus
1351 3538 1418 3604 eet.

253 3644 305 3708 hic
328 3641 461 3707 titulus:
480 3639 563 3705 1811
586 3638 697 3705 LIBRI
723 3639 769 3706 IN
791 3640 879 3708 Hoc
904 3640 1401 3710 conlcloeon'rmnnrvn:

252 3750 308 3816 nn
325 3744 551 3813 rauranum
570 3730 638 3811 nrr'r
661 3746 678 3811 1
706 3747 761 3813 nn
785 3746 927 3814 carun
954 3733 1028 3815 xer
1048 3735 1121 3815 nm
1137 3750 1154 3815 1
1171 3750 1228 3817 nn
1247 3748 1402 3819 enarre

253 3850 603 3925 nosvnnucrrous
639 3853 709 3919 urs
746 3855 763 3921 1
793 3854 1016 3923 aurursus
1048 3856 1255 3925 mesrnr
1286 3842 1356 3924 urit
1387 3858 1404 3923 1

302 4060 322 4127 ¹)
341 4060 364 4113 Δ
383 4074 465 4113 menn
484 4059 587 4115 recenti
606 4060 738 4117 columnis
756 4063 907 4134 praepositi
925 4067 991 4121 eunt
1013 4066 1127 4121 numeri
1150 4066 1225 4121 erret
1245 4068 1339 4122 eutem
1356 4064 1404 4137 qni

255 4148 284 4203 id
303 4148 369 4203 feeit
389 4147 458 4203 1116
478 4146 652 4205 dinumerans
671 4150 821 4221 columnas,
844 4169 904 4209 cum
927 4153 956 4208 in
978 4154 1144 4211 numerando
1168 4173 1186 4210 a
1207 4154 1334 4211 columne
1350 4152 1403 4211 800

255 4254 310 4293 non
330 4236 364 4291 ed
383 4236 436 4293 000
454 4240 587 4303 transeat,
606 4238 655 4295 red
674 4240 708 4295 ad
728 4241 806 4297 1000.
