3250 4959
344 381 412 444 512
486 370 489 374 ’
575 375 692 442 Quinti
712 375 855 446 Septimi
873 376 1043 430 lllorsutis
1062 375 1270 430 Tertulliani

343 573 427 637 enim
446 569 580 636 uenefici
598 569 656 650 illi,
675 569 811 634 adhibiti
829 569 982 634 aduersus
1002 569 1144 652 Moysen,
1167 570 1321 634 uirtutem
1340 573 1489 637 creatoris

343 679 478 763 digitum
503 677 554 742 dei
577 677 828 760 appellauerunt,
848 711 892 723 -—
912 675 1059 760 digitus
1083 676 1143 741 dei
1166 681 1226 742 est
1247 677 1317 742 boc
1340 713 1385 724 -
1408 677 1489 760 quod

343 783 536 869 significaret
549 784 645 849 etiam
660 782 823 848 modicum
836 782 1073 848 uabmssimum
1087 787 1204 848 tamen
1221 784 1282 848 boc
1297 787 1331 848 et
1344 783 1489 850 Christus

344 891 523 969 ostendens,
543 893 816 967 commemorator,
840 909 902 956 non
927 889 1112 956 obliterator
1134 893 1347 970 uetustatum,
1368 892 1490 957 scilicet

344 1017 484 1076 suarum,
517 999 670 1063 uirtutem
703 995 755 1062 dei
787 996 926 1081 digitum
953 996 1004 1060 dei
1031 996 1119 1077 dixit,
1150 1015 1213 1062 non
1240 997 1373 1062 alterium
1400 999 1526 1064 intel-s

343 1105 511 1190 legendam
535 1123 631 1187 quam
654 1104 735 1180 eius,
762 1102 847 1187 apud
870 1121 966 1185 quem
988 1103 1140 1168 hocerat
1163 1103 1333 1188 appellata
1361 1107 1489 1187 ergoet

343 1230 476 1296 regnum
498 1210 601 1296 ipsius
626 1210 946 1294 adpropinquauerat,
969 1210 1062 1275 cuius
1086 1214 1120 1274 ct
1136 1210 1239 1277 uirtus
1259 1210 1382 1296 digitus
1400 1230 1489 1276 uoca-

343 1319 447 1382 batur.
538 1317 653 1383 Msrito
686 1317 785 1402 igitur
817 1315 973 1399 adplicuit
1003 1315 1043 1380 ad
1074 1317 1257 1398 parabolam
1282 1317 1378 1382 fortis
1404 1317 1488 1382 illius

344 1425 466 1501 armati,
487 1443 581 1506 quem
601 1423 738 1489 ualidior
756 1423 839 1490 aliua
858 1422 1028 1506 oppressit,
1047 1422 1222 1506 principem
1242 1423 1488 1498 daemoniorum,

344 1549 439 1614 quem
462 1530 669 1595 Belzebulem
693 1533 725 1594 et
747 1531 879 1594 satanan
905 1529 1154 1612 supradixerat,
1179 1529 1363 1614 significans
1392 1531 1489 1615 digito
1504 1551 1528 1588 r·

344 1637 395 1702 dei
420 1655 618 1719 oppressum,
642 1655 704 1702 uon
728 1639 901 1702 creatorem
926 1637 965 1701 ab
984 1636 1046 1703 alio
1066 1636 1125 1701 deo
1144 1636 1327 1702 subactum.
1351 1641 1489 1702 cetorum

344 1742 502 1826 quomodo
528 1743 630 1808 adbuc
654 1746 753 1807 staret
771 1761 905 1827 regnum
923 1743 992 1808 eius
1011 1743 1044 1807 in
1063 1742 1131 1808 suia
1150 1742 1295 1809 terminis
1313 1747 1348 1808 et
1364 1743 1488 1827 legibus

343 1855 377 1914 et
399 1850 525 1930 officiis,
545 1869 649 1933 qnam,
667 1849 744 1915 licet
767 1850 892 1934 integro
915 1851 1046 1930 mundo,
1069 1850 1123 1915 uel
1146 1850 1192 1916 sic
1210 1849 1373 1932 potuisset
1390 1850 1490 1916 uideri

343 1975 511 2040 superasse
533 1957 671 2023 ualidior
688 1957 743 2020 illa
762 1956 841 2022 deus
859 1957 1042 2036 Marcionis,
1066 1957 1095 2022 si
1112 1977 1173 2024 uon
1192 1957 1369 2023 secundum
1386 1957 1489 2042 legem

343 2064 412 2130 eius
437 2064 531 2129 etiam
556 2063 761 2129 Marcionitae
784 2067 983 2129 morerentur
1003 2065 1172 2129 interram
1195 2063 1373 2143 defluendo,
1397 2081 1488 2146 saepc
1506 2084 1529 2126 ιε

342 2175 375 2235 et
398 2191 416 2236 a
439 2171 563 2255 scorpio
588 2171 673 2236 docti
693 2189 753 2236 uon
773 2189 845 2236 essa
864 2174 1049 2252 superatum
1068 2173 1262 2237 mentorem?
1319 2169 1491 2248 ‘Exclamat

342 2278 459 2344 mulier
477 2278 514 2343 da
533 2279 627 2343 turba
644 2278 774 2342 beatum
792 2281 930 2354 uterum,
955 2277 1010 2360 qui
1028 2277 1120 2342 illum
1139 2279 1309 2359 portasset,
1331 2281 1367 2341 et
1383 2277 1489 2345 ubere

343 2403 423 2468 quas
451 2385 544 2448 illum
574 2383 775 2462 educassent,
805 2388 838 2449 et
860 2384 1022 2450 dominus:
1055 2384 1170 2450 immo
1193 2383 1298 2449 beati
1325 2385 1391 2467 qui
1419 2403 1489 2450 ser-

341 2511 484 2558 monem
500 2491 558 2556 dei
574 2491 734 2557 audiunt
749 2501 787 2556 at
800 2491 968 2559 faciunt'.
987 2491 1119 2575 quidni?
1133 2495 1167 2556 et
1180 2493 1263 2557 retro
1278 2491 1327 2556 sic
1339 2491 1491 2556 reiecerat
1617 2580 1618 2585 ἵ

341 2601 485 2676 matrem,
500 2601 538 2663 ut
552 2601 584 2662 et
596 2598 720 2677 fratres,
737 2597 814 2662 dum
832 2597 992 2664 auditores
1007 2599 1040 2664 ct
1053 2599 1258 2664 obsecutores
1272 2596 1324 2662 dei
1337 2597 1489 2680 praefert,
1505 2619 1529 2658 a
1617 2644 1618 2677 ,

341 2723 414 2770 uam
437 2725 494 2770 nec
517 2705 570 2770 hic
594 2708 695 2770 mater
717 2703 896 2770 adsistebat
926 2704 985 2769 illi.
1015 2703 1094 2770 adeo
1121 2723 1181 2769 nac
1207 2707 1291 2768 retro
1319 2707 1490 2787 negauerat

341 2815 463 2888 natum,
496 2830 580 2889 cum,
620 2810 652 2874 id
694 2829 805 2876 rursus
843 2810 1022 2886 habiturus,
1059 2809 1190 2892 proinde
1226 2808 1414 2874 felicitatem
1451 2809 1489 2873 ab

340 2919 431 2982 utero
456 2918 488 2982 et
510 2917 661 2981 uberibus
684 2917 795 2982 matris
821 2933 897 2982 auae
919 2916 1085 2982 tanstulit
1106 2916 1138 2981 in
1166 2915 1354 2998 discipulos,
1382 2936 1403 2981 a
1428 2936 1490 2999 qua

340 3042 402 3088 uon
424 3024 652 3098 transtulisset,
676 3023 705 3087 si
729 3043 797 3088 eam
821 3041 884 3087 non
906 3023 1047 3087 baberet.

386 3131 439 3194 27.
467 3129 554 3194 Alibi
581 3129 664 3193 malo
693 3147 828 3212 purgare
857 3146 937 3210 quae
966 3127 1199 3211 reprehendunt
1220 3128 1430 3194 Marcionitae
1457 3131 1489 3194 in
1507 3151 1529 3190 a

429 3285 456 3355 1]
476 3285 559 3341 arou.
579 3285 604 3348 a,
625 3285 666 3341 19.
740 3285 766 3353 s]
788 3285 821 3339 er.
841 3287 906 3339 nuc.
927 3285 968 3352 11,
988 3285 1103 3338 11-11.
1192 3285 1235 3354 15]
1255 3286 1289 3339 er.
1309 3283 1378 3339 cen.
1397 3285 1425 3347 a,
1442 3288 1488 3342 ro:

340 3377 365 3442 s,
387 3376 428 3430 14.
530 3373 710 3442 16111111,
732 3374 837 3434 mar.
943 3373 1073 3442 111111.
1094 3374 1199 3441 11,28.
1304 3375 1489 3442 11111111.

339 3466 365 3530 s,
385 3463 430 3528 21;
450 3463 549 3516 Macen.
571 3463 612 3518 ro.
631 3463 745 3518 cs-co.

375 3570 391 3622 2
406 3569 586 3638 parenthesin
605 3569 734 3623 indicaui
739 3587 747 3622 :
766 3569 982 3641 appellauerunt.
1003 3568 1107 3638 digitus
1127 3569 1171 3624 dei
1186 3573 1228 3623 est
1241 3569 1302 3633 boc,
1315 3569 1388 3639 quod
1402 3571 1489 3640 signi·

339 3659 434 3712 ficaret
451 3658 535 3727 aalys
600 3660 615 3711 5
634 3658 848 3728 intellegendam
866 3658 937 3726 MR,
956 3657 1172 3727 intellegendum
1193 3658 1363 3727 correctores·
1375 3665 1491 3728 practer

338 3747 397 3802 Ian
469 3748 485 3800 8
506 3745 638 3817 adplicuit
657 3771 690 3793 =
710 3763 739 3801 er
755 3748 876 3802 1111111111
892 3747 952 3802 sica
969 3763 1019 3803 ac.
1033 3787 1049 3810 .,
1066 3748 1124 3801 atsi
1145 3747 1278 3802 1111111111
1293 3747 1437 3817 supplere.-
1454 3749 1489 3801 sd

340 3835 449 3904 (haec)
465 3835 621 3904 parabolam
695 3835 728 3890 10
745 3835 913 3890 belsebulem
932 3836 1001 3904 Ma,
1020 3833 1174 3890 Beelzebub
1195 3835 1327 3890 Oeblcm
1398 3837 1487 3906 digito

338 3925 376 3978 M
393 3929 419 3990 (o
439 3941 472 3978 ecc
490 3940 507 3977 u
528 3929 637 3991 1111)
689 3925 721 3978 16
742 3924 909 3979 exclamabat
922 3925 978 3993 Rip
1028 3925 1062 3979 19
1082 3923 1197 3994 quidni?
1214 3924 1327 3992 scn'pcs‘:
1347 3926 1413 3994 quiu
1426 3925 1489 3980 HR

338 4015 374 4067 ab
393 4017 424 4066 ut
442 4022 470 4067 et
489 4014 599 4082 scripsi:
619 4017 666 4067 aut
685 4013 747 4068 MR
809 4015 844 4067 22
863 4019 966 4068 natum.
986 4030 1045 4067 cum
1063 4013 1092 4068 id
1110 4013 1195 4083 calpa
1266 4018 1362 4067 natum
1381 4037 1417 4062 ε
1434 4031 1487 4068 aa·

337 4103 471 4156 cernuam
542 4101 685 4154 habiturus
704 4104 772 4169 (scil.
792 4118 903 4170 negare:
924 4103 964 4156 da
981 4119 1018 4171 er,
1036 4119 1079 4156 sac
1097 4119 1126 4156 cr
1143 4102 1197 4156 dua
1207 4119 1270 4156 aare
1281 4102 1396 4156 11111111
1407 4103 1489 4156 Male

338 4191 415 4244 britte
433 4196 483 4244 111
502 4197 617 4254 maleam,
629 4233 632 4242 .
646 4231 651 4243 .
666 4195 680 4245 ,t
700 4189 781 4259 MR1,
803 4189 891 4244 audiit
908 4207 999 4244 rursus
1018 4189 1151 4260 R⁸aalgc
1223 4190 1260 4244 23
1277 4191 1422 4244 transtulit
1438 4191 1487 4260 3³,

338 4283 367 4330 ct
385 4278 528 4331 transtulit
545 4277 619 4332 Mla
