3250 4959
353 347 419 410 330
578 345 695 409 Quinti
714 345 856 414 Septimi
874 345 1045 400 Florentia
1063 345 1269 401 Tertulliani

353 539 543 605 delictorum
570 543 631 618 est,
665 541 823 622 quomodo
852 540 1015 606 uidebitur
1036 541 1153 607 delicta
1175 541 1336 608 dimittere
1362 545 1424 626 qui
1447 563 1511 610 non

352 647 516 712 uidebitur
541 647 688 724 retinere,
722 647 805 730 qnia,
839 647 867 712 si
894 647 1054 726 retineret,
1078 648 1255 713 iudicaret?
1287 651 1314 714 si
1339 649 1510 716 absolutio

352 753 466 819 mortis
494 757 553 828 est,
586 753 745 835 quomodo
774 753 922 818 absoluat
950 757 1091 818 amorte
1119 756 1174 838 qni
1202 775 1263 820 uon
1291 755 1443 822 deuinxit
1469 757 1509 820 ad

351 863 509 924 mortem?
546 859 729 923 damnasset
752 859 847 936 enim,
877 860 905 923 si
929 879 947 923 a
969 859 1139 944 primordio
1164 861 1370 929 deuinxisset.
1407 865 1439 928 si
1462 883 1508 928 re-

352 966 511 1049 generatio
532 970 582 1029 est
604 964 753 1042 huminis,
778 965 936 1048 quomodo
960 970 1125 1049 regenerat
1148 968 1203 1049 qui
1227 988 1287 1033 non
1312 971 1507 1052 generauit?
1537 993 1548 1030 a

350 1072 477 1138 iteratio
506 1073 588 1135 enim
614 1091 675 1136 non
698 1073 853 1153 competit
877 1071 915 1147 ei,
946 1092 964 1136 a
987 1091 1048 1154 qno
1073 1073 1150 1155 quid
1173 1092 1230 1138 nec
1254 1076 1356 1139 semel
1379 1075 1506 1141 factum

352 1178 450 1244 11111
464 1178 647 1244 consecutio
662 1181 712 1243 est
725 1178 858 1260 spiritus
874 1179 986 1256 sancti,
1002 1179 1160 1261 quomodo
1176 1180 1324 1263 spiritum
1339 1182 1508 1247 adtribuet

352 1285 406 1367 qui
417 1285 553 1349 animam
567 1304 628 1350 non
642 1285 731 1367 prius
745 1285 904 1350 contulit?
928 1285 1003 1368 quia
1017 1285 1189 1352 suffectura
1202 1290 1253 1351 est
1267 1289 1506 1370 quodammodo

351 1393 484 1475 spiritus
517 1393 650 1457 animae.
693 1392 799 1475 signat
829 1393 928 1476 igitur
958 1393 1117 1458 hominem
1147 1414 1317 1476 numquam
1352 1397 1440 1478 apud
1470 1417 1504 1461 se

350 1483 558 1582 resignatum,
586 1498 674 1562 lauat
696 1499 855 1563 hominem
880 1519 1053 1582 numquam
1077 1501 1162 1582 apud
1185 1520 1219 1566 se
1247 1503 1503 1585 coinquinatum,
1522 1525 1545 1562 ιο

351 1611 383 1670 11
405 1606 437 1668 11
461 1606 521 1669 hoc
544 1609 649 1670 totum
673 1606 787 1671 salutis
812 1611 1045 1678 sacramentnm
1071 1625 1194 1672 carnem
1218 1608 1336 1692 mergit
1359 1615 1502 1675 exortem

351 1712 486 1777 salutis?
523 1730 579 1776 nec
606 1713 746 1776 rusticus
775 1718 891 1776 terram
920 1713 1038 1797 rigabit
1063 1715 1202 1778 fructum
1228 1734 1289 1779 non
1314 1716 1500 1789 relaturam,

350 1819 411 1882 nisi
430 1825 494 1883 tam
515 1838 616 1883 nanus
637 1838 733 1901 quam
748 1819 828 1884 dens
847 1821 1025 1884 Marcionis.
1040 1819 1179 1902 proinde,
1196 1838 1269 1886 cum
1288 1825 1412 1886 tantam
1432 1824 1501 1887 siue
1538 1879 1543 1892 .

351 1927 504 1991 sarcinam
537 1925 607 1990 sine
635 1925 769 2009 gloriam
796 1926 1033 1991 infirmissimae
1060 1929 1117 1992 aut
1142 1927 1386 2010 indignissimae
1413 1930 1500 1994 carni

348 2033 484 2114 imponit
512 2031 724 2109 sanctitatem,
761 2033 839 2114 quid
871 2039 925 2098 aut
958 2037 1065 2098 onerat
1097 2033 1253 2097 infirmam
1286 2037 1343 2099 ant
1370 2042 1500 2100 eromat
1519 2058 1541 2098 1⁵

349 2137 532 2221 indignam?
553 2138 629 2218 quid
647 2158 707 2202 non
728 2139 831 2203 salute
850 2143 1030 2204 remunerat
1049 2158 1143 2222 quam
1158 2145 1266 2220 onerat
1280 2141 1331 2204 uel
1347 2144 1496 2206 exornat?

350 2243 426 2324 qnid
450 2243 574 2308 fraudat
596 2243 772 2310 mercedem
797 2247 913 2327 operis,
938 2265 997 2311 non
1027 2247 1199 2328 rependens
1227 2248 1312 2311 carni
1335 2248 1494 2312 1111111111

349 2349 425 2430 quid
449 2356 481 2412 11
503 2350 652 2414 honorem
678 2352 856 2416 sanctitatis
880 2353 990 2417 inille
1014 2353 1093 2417 mori
1117 2354 1256 2436 patitur?

394 2457 444 2518 29.
474 2453 559 2533 Quid
583 2457 685 2520 dicam
710 2462 817 2522 autem
841 2459 879 2523 do
904 2459 1089 2541 disciplinae
1113 2460 1265 2536 uanitate,
1295 2462 1495 2542 (111111111-

348 2561 423 2625 licat
455 2563 666 2627 substantiam
700 2570 864 2630 sanctam?
906 2585 966 2630 non
1004 2567 1138 2650 tingitur
1170 2565 1253 2649 apud
1284 2568 1378 2631 illum
1411 2587 1493 2642 caro,
1511 2591 1536 2630 11

348 2667 410 2731 1111
441 2669 544 2751 uirgo,
577 2670 639 2734 nisi
671 2671 779 2748 uidua,
814 2671 874 2736 nisi
903 2671 1039 2753 caeleps,
1071 2673 1133 2736 nisi
1165 2671 1302 2737 diuortio
1335 2674 1494 2756 baptisma

349 2780 497 2853 mercata,
532 2777 623 2857 quasi
651 2797 712 2842 non
743 2779 840 2842 etiam
869 2778 1061 2860 spadonibus
1091 2799 1126 2842 ex
1154 2779 1275 2862 nuptiis
1304 2785 1388 2845 nata
1425 2781 1493 2845 sine
1615 2755 1616 2810 ¹

349 2882 445 2946 dubio
465 2903 501 2946 er
516 2884 714 2947 damnatione
730 2884 871 2967 coniugii
884 2884 1043 2950 institutio
1058 2886 1121 2950 ists
1135 2886 1304 2951 constabit.
1314 2887 1493 2962 uideamus,

349 3008 386 3051 an
407 2990 502 3066 iusta,
522 3010 581 3054 non
602 2991 692 3071 quasi
713 2991 906 3054 destructuri
925 2992 1110 3056 felicitatem
1129 2993 1319 3070 sanctitatis,
1339 2998 1376 3058 ut
1395 2994 1491 3076 aliqui

348 3093 536 3172 Nicolaitae,
561 3097 737 3161 adsertores
761 3098 904 3162 libidinis
929 3103 1022 3182 atque
1046 3099 1197 3175 luxuriae,
1222 3101 1278 3164 sed
1301 3102 1356 3183 qui
1379 3102 1493 3165 sancti·
1510 3121 1536 3162 as

348 3205 446 3266 tatem
476 3204 544 3265 11111
572 3203 755 3283 nuptiarum
784 3203 985 3268 damnatione
1013 3205 1195 3268 nouerimus
1225 3210 1257 3270 et
1281 3209 1438 3270 sectemur
1459 3211 1493 3271 et

347 3309 573 3390 praeferamus.
606 3328 667 3372 non
696 3314 733 3373 11
756 3311 839 3372 malo
864 3310 993 3386 bonum,
1027 3311 1081 3374 sed
1106 3315 1142 3375 ut
1165 3311 1246 3375 bono
1270 3311 1395 3378 melius.
1430 3331 1490 3377 non

348 3415 432 3478 enim
461 3416 643 3498 proicimus,
678 3415 734 3480 sed
763 3417 951 3498 deponimus
980 3417 1118 3500 nuptias,
1152 3437 1209 3482 nec
1236 3419 1489 3501 praescribimus,

436 3606 481 3675 25]
502 3606 535 3659 ci.
554 3607 637 3676 Apus.
657 3609 682 3667 2,
702 3609 726 3663 6.
748 3609 787 3660 15.

383 3715 399 3765 ’2
419 3714 870 3784 1111111111,111111111111111111.Ι
891 3718 1027 3785 retineret,
1042 3717 1064 3768 si
1077 3715 1211 3770 iudicaret
1224 3715 1286 3769 MR
1337 3717 1353 3770 3
1368 3715 1491 3770 absoluat

347 3803 459 3869 scripsi:
473 3803 629 3857 absolueret
642 3804 704 3857 MR
760 3805 863 3859 deuirit
877 3807 913 3858 M
946 3809 964 3858 4
979 3805 1150 3858 danrnasset.
1162 3847 1167 3858 .
1179 3848 1184 3858 .
1196 3805 1364 3859 deuinxisset
1381 3805 1491 3873 scripsi:

348 3891 530 3946 deuinrisset.
544 3934 550 3943 .
563 3935 567 3945 .
578 3933 584 3944 .
597 3893 753 3946 damnasset
763 3893 827 3947 Mle
872 3897 888 3948 9
903 3895 1008 3947 animae
1021 3895 1134 3962 scripsi:
1148 3895 1237 3947 anima
1251 3893 1314 3948 MR
1361 3895 1393 3948 13
1412 3911 1489 3964 qnam

348 3980 414 4033 (lens
433 3981 475 4041 M,
494 3985 525 4033 ut
544 3981 609 4034 deus
629 3983 656 4034 Il
702 4000 761 4035 cnm
779 3984 848 4044 MR.
870 3983 986 4036 curle
1026 3983 1329 4050 15111(ρ1·1111)1]11.·
1351 3991 1440 4038 autem
1454 3983 1489 4038 R.

347 4085 397 4120 om.
413 4069 451 4121 ,11
494 4071 526 4122 17
542 4071 690 4139 rependens
706 4072 748 4137 M,
762 4072 961 4140 reprehendens
976 4072 1003 4125 R
1046 4073 1079 4124 19
1093 4073 1194 4126 uerbo:
1210 4071 1273 4141 qnid
1289 4071 1489 4126 dicam-*sanc-

346 4161 412 4212 tam.
427 4175 498 4224 quoe
507 4159 538 4210 in
551 4159 630 4211 libris
639 4176 699 4214 mss.
712 4162 798 4227 poulo
808 4178 894 4228 supra
906 4162 1037 4229 11511111
1048 4161 1164 4230 imponit
1174 4161 1345 4214 sanctitatem
1357 4161 1489 4230 1191111111,
