3250 4959
397 443 459 499 VII.
477 445 644 500 Aduersus
662 445 861 501 Marcionem
879 446 927 501 lib.
945 445 1002 500 1111
1019 447 1063 502 29.
1234 451 1298 516 521

154 645 228 726 quis
256 646 316 722 est,
348 646 387 708 ut
414 643 515 709 aliena
541 644 727 727 promittat?
756 663 792 709 ea
816 644 843 709 si
867 663 964 728 regno
987 642 1138 710 accedent
1161 644 1299 710 secundo

153 749 253 834 gradu
277 751 482 832 restituenda,
506 751 575 816 cius
600 755 650 816 est
673 750 832 816 secundus
852 751 979 836 gradus,
1002 752 1096 816 cuins
1115 755 1148 817 et
1165 751 1299 834 primns,

153 859 223 922 eius
242 857 350 923 nictus
369 861 465 941 atque
484 859 634 937 uestitus,
655 860 746 924 euius
767 861 800 923 et
816 877 959 942 regnum.
978 859 1026 924 ita
1041 860 1111 925 tota
1128 858 1298 942 promissio

153 965 306 1030 creatoris
330 969 389 1030 est.
457 966 683 1031 Parabolarum
703 967 818 1047 status,
837 965 1078 1031 similitudinem
1097 966 1299 1051 peraequatio

122 1071 182 1135 asi
206 1071 318 1136 necin
342 1072 441 1136 alium
465 1075 620 1156 spectant,
645 1091 739 1155 quam
763 1073 816 1138 cni
839 1091 895 1156 per
917 1073 1023 1137 omnia
1040 1072 1243 1154 porisuerint,
1267 1075 1302 1137 et

153 1195 267 1242 sumus
290 1179 375 1244 semi
399 1215 442 1226 --
461 1179 624 1245 dominum
648 1180 730 1245 enim
750 1177 906 1245 habemus
925 1178 1020 1244 deum
1038 1215 1093 1258 -,
1116 1180 1300 1264 succingere

153 1283 305 1350 debemus
319 1285 457 1362 lumbos,
471 1285 505 1350 id
519 1288 569 1350 est
583 1286 720 1370 expediti
738 1303 809 1353 esse
824 1285 863 1350 ab
876 1285 1114 1370 impedimentis
1130 1285 1300 1350 laciniosae

153 1391 241 1456 uitae
273 1395 306 1456 et
337 1392 521 1476 implicitae,
557 1393 634 1458 item
666 1393 812 1458 lucernas
845 1393 992 1459 ardentes
1023 1392 1149 1470 habere,
1185 1391 1218 1456 id
1250 1395 1302 1456 est

152 1501 278 1564 montes
302 1518 320 1563 a
341 1497 404 1564 fide
428 1517 576 1565 accensas
601 1503 633 1564 ot
656 1499 805 1584 oporibus
829 1498 976 1565 ueritatis
992 1500 1181 1575 relucentes,
1205 1501 1302 1581 atque

108 1627 136 1670 ro
153 1605 201 1670 ita
224 1609 387 1688 expectare
412 1605 584 1684 dominum,
608 1606 641 1670 id
665 1609 716 1671 eet
739 1605 913 1672 Christum.
936 1605 1020 1671 unde
1042 1604 1248 1670 redeuntem?
1272 1603 1301 1668 si

154 1731 173 1775 a
200 1712 333 1794 nuptiis,
362 1713 511 1778 creatoris
535 1717 594 1788 est,
623 1713 715 1778 cuius
744 1713 888 1796 nuptiae3
918 1713 1030 1777 sinon
1054 1711 1215 1790 creatoris,
1242 1727 1302 1776 uec

153 1821 223 1902 ipse
246 1818 388 1885 Marcion
411 1820 568 1886 inuitatus
593 1820 632 1886 ad
655 1820 783 1903 nuptias
806 1820 897 1898 isset,
926 1819 1021 1883 deum
1045 1837 1140 1883 suum
1162 1818 1300 1895 intuens,

154 1925 381 1992 detestatorem
413 1927 606 2011 nuptiarum.
639 1925 756 1992 defecit
786 1925 899 2008 itaque
928 1925 1080 2010 parabola
1108 1924 1141 1990 in
1167 1941 1301 2008 persona

153 2032 284 2111 domini,
303 2033 333 2099 si
350 2052 411 2098 non
431 2036 518 2100 asset
531 2034 584 2098 cui
598 2035 725 2117 nuptiae
745 2035 943 2117 competunt.
1004 2033 1041 2097 In
1060 2031 1302 2115 sequentique

107 2159 134 2202 aa
154 2158 216 2222 que
238 2139 388 2223 parabola
410 2141 489 2206 satis
509 2144 592 2206 errat
609 2141 665 2224 qui
683 2141 785 2206 furem
803 2140 906 2219 illum,
927 2139 1018 2204 mins
1036 2139 1147 2205 horam
1166 2138 1195 2203 si
1212 2141 1303 2221 pater

152 2246 293 2312 familiae
312 2248 418 2325 sciret,
437 2267 497 2313 non
518 2247 635 2312 sineret
653 2246 796 2312 suffodiri
817 2246 946 2312 domnm
965 2263 1068 2324 suam,
1082 2243 1115 2310 in
1133 2262 1300 2328 personam

154 2351 296 2434 disponit
328 2354 490 2418 creatoris.
523 2353 575 2418 iur
607 2353 691 2418 onim
721 2357 843 2419 creator
870 2351 1029 2434 quomodo
1057 2349 1161 2416 uideri
1183 2353 1301 2434 potest,

154 2457 302 2523 dominus
325 2459 426 2524 totius
450 2459 611 2526 hominis?
643 2479 735 2526 nemo
764 2477 824 2525 sna
845 2459 969 2524 furatur
991 2461 1049 2522 aut
1071 2455 1212 2535 suffodit,
1245 2454 1302 2521 sed

152 2564 208 2629 ille
231 2566 350 2648 potius,
373 2567 482 2649 quiin
506 2567 608 2632 aliena
631 2567 796 2632 descendit
819 2570 851 2632 et
868 2566 1030 2631 hominem
1048 2584 1067 2629 a
1084 2563 1212 2629 domino
1231 2562 1302 2628 eins

106 2695 133 2735 so
153 2670 281 2736 alienat.
312 2690 415 2754 porro,
445 2691 516 2737 eum
544 2673 646 2738 furem
675 2673 768 2738 nobis
791 2672 955 2736 diabolum
979 2669 1185 2747 demonsiret,
1208 2669 1300 2734 euius

153 2777 264 2842 horam
296 2779 392 2843 etiam
419 2779 451 2843 in
479 2779 651 2861 primordio
676 2778 702 2842 si
727 2779 822 2843 homo
847 2778 972 2854 scisset,
1005 2793 1178 2859 numquam
1201 2775 1241 2838 ab
1264 2793 1302 2841 eo

153 2883 310 2950 suffossus
338 2888 433 2963 esset,
457 2888 623 2968 propterea
649 2885 750 2963 iubet,
774 2884 875 2968 parati
904 2884 1017 2962 simus,
1050 2882 1127 2964 quia
1153 2899 1217 2964 qna
1238 2899 1300 2946 non

151 2994 305 3074 putamus
327 2991 405 3057 hora
427 2992 513 3057 iilius
537 2991 675 3057 hominis
699 2991 857 3070 adueniet,
881 3007 944 3055 non
967 2989 1058 3072 qnasi
1081 2989 1151 3071 ipse
1174 2988 1219 3052 sit
1239 2985 1302 3062 fur,

153 3098 210 3162 ssd
232 3099 327 3164 iudex
350 3100 474 3165 scilicet
496 3118 616 3178 eorum,
645 3100 700 3182 qui
729 3117 763 3165 se
791 3118 853 3164 non
877 3096 1057 3182 paranerint
1078 3113 1136 3160 nec
1159 3094 1304 3159 cauerint

107 3227 135 3270 aa
152 3205 266 3271 furem.
300 3223 373 3290 ergo
407 3206 435 3272 si
461 3206 531 3290 ipse
559 3210 608 3271 est
631 3205 717 3272 filius
746 3205 895 3282 hominis,
919 3203 1058 3268 iudicem
1081 3205 1184 3279 teneo,
1213 3203 1246 3264 et
1269 3201 1302 3265 in

152 3311 258 3376 iudice
282 3314 432 3378 creatoris
452 3313 600 3390 defendo;
626 3313 653 3378 si
672 3331 748 3378 nero
768 3312 933 3378 Christum
953 3309 1103 3376 creatoris
1122 3309 1154 3372 in
1174 3306 1302 3372 nomine

242 3574 270 3643 4]
291 3571 324 3628 ci.
343 3575 408 3630 Luc.
429 3575 470 3642 12,
490 3575 605 3628 35-38.
661 3573 688 3644 6]
709 3573 742 3628 cf.
761 3573 828 3628 Luc.
849 3573 890 3639 12,
909 3574 953 3628 31.
972 3571 1017 3628 36.
1071 3569 1105 3628 ci.
1119 3567 1184 3624 Ioue.
1201 3569 1242 3631 12,
1257 3569 1301 3622 35.

153 3661 179 3732 8]
200 3662 234 3716 cf.
252 3663 289 3718 ib.
337 3664 382 3733 ll]
403 3663 436 3718 ci.
454 3663 518 3718 Luc.
540 3664 581 3727 12,
601 3665 644 3719 36.
691 3664 736 3734 14]
756 3663 789 3717 ci.
808 3663 874 3717 Luc.
895 3662 937 3726 12,
956 3661 1071 3718 39-40.
1117 3659 1162 3729 22]
1182 3659 1217 3713 oi.
1235 3659 1300 3715 Luc.

153 3751 195 3818 12,
214 3750 258 3805 40.

189 3895 202 3948 l
224 3897 255 3948 ut
272 3893 315 3962 Μ,
335 3894 382 3961 qui
400 3893 519 3962 Roulpo
574 3891 705 3946 accedent
718 3892 760 3958 M,
779 3890 913 3945 accedant
929 3889 1051 3958 Raulpo
1099 3885 1302 3956 aporiaretur

152 3981 201 4047 12³,
215 3983 291 4051 paria
303 3983 429 4038 uenerint
442 3981 515 4038 MR²
570 3987 598 4036 et
612 3997 704 4034 sumne
718 3981 797 4050 Eup:
812 3981 842 4035 id
856 3996 948 4034 snmus
962 3979 1044 4048 Mill,
1062 3993 1156 4031 snmus
1168 3974 1302 4043 R'aolpo

152 4071 169 4124 6
184 4071 363 4139 parenthesin
380 4071 521 4126 indicauit
538 4072 603 4140 ΕΜ
657 4070 690 4123 12
709 4070 843 4123 inuitatus
861 4067 900 4122 Μ
914 4073 943 4135 (n
961 4083 995 4122 ex
1013 4069 1040 4137 o)
1101 4065 1211 4120 intuens
1229 4063 1301 4126 MR,

152 4163 276 4214 metuens
294 4159 353 4214 Lat
418 4163 451 4215 15
470 4159 665 4230 paterfamilias
683 4156 739 4227 Rip
804 4158 838 4211 16
857 4158 958 4210 sineret
974 4155 1011 4219 R,
1029 4154 1112 4209 sciret
1129 4152 1167 4206 M
1244 4151 1301 4205 sui·

153 4247 234 4312 fodiri
254 4247 296 4316 M,
315 4247 414 4302 suffodi
432 4249 553 4319 Ruulpo
617 4247 649 4300 18
669 4245 768 4300 suffodi
787 4245 826 4299 M
894 4246 928 4298 22
947 4242 1098 4314 parotidi,
1116 4242 1255 4311 ntparati
1273 4241 1304 4296 R

153 4341 237 4408 ααὶρο
310 4340 344 4394 26
364 4338 493 4392 creatoris
512 4338 580 4406 (scil.
595 4336 700 4406 filiam)
719 4334 819 4402 scripsi
838 4334 944 4402 (priore
964 4333 1049 4398 loco):
1071 4333 1219 4385 creatorem
1237 4329 1300 4384 MR
