3250 4959
313 424 377 488 200
543 420 661 486 Quinti
681 422 823 491 Septimi
843 422 1014 475 Florentia
1033 422 1240 476 Tertulliani

357 615 410 677 22.
439 613 646 679 Tolerabilior
673 615 803 680 infamia
836 619 884 680 est
916 615 1000 699 apud
1031 616 1104 681 illos
1137 616 1168 679 iu
1201 615 1375 693 diabolum,
1413 617 1469 679 uel

313 719 387 801 quia
415 721 502 805 origo
532 722 688 786 sordidior
716 723 811 806 capit.
844 740 880 787 ex
908 722 1050 805 nequitia
1078 722 1161 788 enirn
1189 723 1339 787 maeroris
1373 723 1467 787 illius

313 826 493 906 deputatur,
524 848 559 892 ex
583 847 645 910 qua
667 831 854 912 angelorum
879 832 911 892 et
934 829 1122 893 daemonum
1148 832 1181 894 et
1203 830 1345 894 omnium
1371 829 1467 911 spiri·

310 932 424 996 talium
442 934 636 998 malitiarum
655 935 817 1018 genituras
837 939 954 1000 notant.
979 938 1133 1001 ettamen
1153 935 1315 1001 diabolum
1335 954 1465 1018 quoque

312 1058 392 1122 opus
407 1040 574 1125 Demiurgi
588 1040 755 1105 adfirmant
770 1045 801 1105 et
809 1042 1082 1107 Munditenentem
1098 1042 1257 1126 appellant
1272 1046 1305 1107 et
1318 1044 1463 1125 superio·
1493 1066 1505 1105 ⁵

310 1167 381 1210 rum
396 1147 498 1233 magis
514 1167 647 1232 gnarum
662 1148 845 1225 defendunt,
861 1152 898 1213 ut
914 1149 1090 1233 spiritalem
1104 1153 1224 1227 natura,
1244 1169 1338 1232 quam
1355 1148 1463 1213 Demi-

312 1273 438 1338 urgum,
462 1260 500 1319 ut
518 1255 695 1321 animalem.
719 1259 858 1321 meretur
882 1256 920 1320 ab
944 1256 1009 1321 illis
1029 1256 1254 1339 praelationem
1274 1256 1326 1320 cni
1350 1274 1461 1320 omnes

313 1360 458 1426 haereses
482 1366 698 1446 procurantur.

357 1468 411 1532 23.
441 1467 656 1552 Singularium
685 1472 790 1535 autem
815 1471 1010 1552 potestatum
1034 1488 1121 1534 arces
1144 1470 1195 1533 his
1223 1469 1340 1534 linibus
1364 1468 1460 1533 collo-

313 1578 399 1639 cant:
423 1576 454 1638 in
479 1576 614 1640 summis
643 1576 882 1640 summitatibus
906 1576 1065 1658 praesidet
1091 1575 1279 1641 tricenarius
1302 1576 1459 1649 Pleroma,
1478 1600 1502 1639 ro

311 1682 398 1745 Horo
423 1682 568 1765 signante
589 1682 706 1746 lineam
725 1685 904 1748 extremam.
928 1683 1058 1748 inferius
1077 1684 1169 1747 illum
1187 1687 1328 1748 metatur
1344 1682 1459 1746 medie-

312 1792 412 1852 tatem
439 1788 630 1867 Achamoth,
661 1788 764 1852 filium
792 1790 925 1855 calcans.
955 1790 1066 1855 subest
1096 1790 1178 1854 eninr
1206 1789 1397 1874 Demiurgus
1426 1789 1456 1851 iu

312 1894 520 1959 Hebdomade
544 1914 612 1959 sua.
641 1896 743 1978 magis
773 1895 919 1961 diabolus
951 1897 983 1960 iu
1016 1898 1079 1961 isto
1112 1897 1279 1962 nobiscum
1312 1895 1459 1961 conuenit

313 2000 443 2072 mundo,
468 2002 696 2066 coelementato
717 2004 748 2064 et
767 2002 1053 2084 concorporificato,
1078 2006 1229 2086 utsupra
1253 2003 1375 2067 editum
1398 2006 1456 2067 est.

313 2126 348 2171 er
368 2106 504 2191 Sophiae
524 2108 706 2173 utilissimis
726 2109 864 2185 casibus,
888 2128 950 2191 qua
968 2128 1024 2173 neo
1044 2115 1146 2173 a'e'rem
1165 2110 1305 2187 haberet,
1325 2110 1455 2191 recipro—
1474 2132 1496 2173 a

313 2214 402 2277 candi
432 2215 565 2297 spiritus
594 2216 744 2297 spatium,
777 2219 917 2279 teneram
952 2216 1092 2280 omnium
1125 2235 1291 2299 corporum
1324 2219 1455 2289 uestem,

314 2321 455 2385 colorum
494 2322 633 2386 onmium
672 2321 819 2398 indicem,
859 2342 1010 2406 organum
1047 2326 1237 2405 temporum,
1276 2322 1303 2386 si
1336 2341 1396 2387 non
1426 2325 1459 2384 et
1585 2335 1587 2476 p

312 2426 412 2491 istum
436 2428 574 2510 Sophiae
598 2428 759 2492 maestitia
782 2430 929 2507 colasset,
954 2429 1038 2493 sicut
1062 2430 1210 2494 animalia
1232 2433 1349 2505 metus,
1378 2428 1456 2493 siout

314 2535 479 2601 conuersio
500 2536 569 2600 eius
588 2535 694 2617 ipsum
709 2535 929 2620 Demiurgum.
947 2536 997 2601 his
1018 2535 1165 2601 omnibus
1186 2536 1351 2601 elementis
1366 2540 1456 2616 atque

315 2642 498 2724 corporibus
526 2643 609 2726 ignis
643 2640 857 2706 inflabellatus
891 2645 949 2706 est.
984 2642 1075 2706 cuius
1108 2642 1292 2727 originalem
1326 2640 1494 2725 Sophinero
1585 2636 1587 2644 “

313 2749 494 2829 passionem
519 2750 592 2831 quia
614 2748 754 2812 nondum
779 2748 954 2826 ediderunt,
983 2767 1040 2832 ego
1064 2749 1191 2814 interim
1219 2748 1457 2833 argumentabor

314 2856 520 2920 motiunculis
545 2855 613 2919 eius
633 2874 813 2919 excussum.
839 2853 947 2918 credas
972 2854 1055 2918 enim
1079 2856 1167 2919 illam
1190 2856 1222 2919 in
1246 2855 1345 2921 tantis
1369 2872 1457 2919 uexa-

314 2962 455 3028 tionibus
479 2963 575 3025 etiam
598 2961 806 3026 febricitasse.
1399 3020 1401 3025 ,
1459 2968 1464 2977 ’
1584 2915 1586 3006 i

360 3071 411 3132 24.
451 3068 531 3133 Cum
569 3068 646 3132 talia
678 3068 715 3134 de
749 3069 806 3133 deo
840 3068 894 3132 uel
931 3068 969 3132 de
1005 3069 1076 3149 dile,
1114 3069 1219 3151 qualia
1257 3067 1294 3132 de
1335 3068 1456 3133 homine
1584 3050 1585 3067 ¹

316 3176 488 3259 figmenta?
498 3175 631 3239 molitus
646 3175 730 3239 enim
745 3176 899 3239 mundum
913 3176 1106 3259 Demiurgus
1123 3175 1162 3239 ad
1176 3175 1335 3239 hominem
1351 3192 1456 3238 marrus
1470 3196 1493 3237 re
1597 3246 1598 3249 Ἴ

316 3283 437 3347 confert
464 3286 496 3346 et
524 3282 736 3347 substantiam
764 3282 794 3345 ei
823 3282 908 3363 capit
937 3301 998 3346 non
1027 3300 1062 3345 ex
1085 3282 1158 3361 ista,
1182 3282 1340 3362 inquiunt,
1366 3280 1455 3355 arida,

315 3408 497 3471 quamssnos
528 3390 654 3453 unicam
687 3388 846 3465 nouimus,
880 3393 972 3461 terra,
997 3424 1040 3434 -
1065 3387 1155 3471 quasi
1188 3406 1259 3465 non,
1288 3387 1350 3452 etsi
1377 3384 1456 3450 arida

406 3650 486 3718 1-8]
506 3650 538 3702 cf.
555 3648 624 3703 Iren.
640 3649 654 3702 I
669 3652 695 3715 5,
708 3652 734 3703 4.
790 3650 891 3718 9-13}
913 3650 946 3703 cl'.
965 3648 1102 3712 Iren.15‚
1118 3650 1134 3702 3
1149 3648 1188 3719 (in
1202 3648 1274 3719 line).
1330 3646 1456 3707 24-201,
1597 3644 1598 3711 l

319 3740 362 3808 15]
384 3739 417 3792 ct'.
437 3738 507 3791 Iren.
526 3738 540 3791 1
560 3739 584 3800 5,
603 3740 628 3791 5.

351 3881 367 3932 4
394 3880 559 3932 malitiarum
579 3879 626 3948 R³,
654 3879 813 3932 militarium
833 3879 960 3934 Pulla
1016 3880 1049 3933 10
1077 3878 1215 3949 praesidet
1232 3876 1279 3941 3³,
1308 3876 1459 3948 praesident

315 3968 440 4021 PJIFR¹
498 3969 527 4020 ll
544 3968 755 4020 meditaternll
809 3968 841 4021 13
857 3984 912 4023 sua.
928 3970 1014 4036 magis
1029 3968 1112 4038 rerelyo
1185 3967 1311 4021 conuenit
1325 3964 1457 4024 PMFR¹.

315 4057 449 4109 cornmnni
476 4057 608 4125 R³uulpo
672 4058 705 4111 14
734 4057 838 4110 editum
865 4058 934 4124 PM,
963 4057 1064 4110 dictum
1092 4056 1123 4110 F
1190 4058 1221 4109 15
1251 4072 1304 4125 qua
1328 4080 1361 4100 =
1387 4056 1458 4125 quia3

315 4148 386 4213 refer
410 4146 449 4199 ad
471 4146 624 4199 utilissimis
686 4148 717 4199 17
742 4146 858 4199 iudicem
883 4146 929 4214 lii,
948 4146 1064 4199 iudicem
1087 4143 1215 4199 ΡΜΙῙἨ1
1269 4144 1304 4198 24
1328 4143 1379 4197 diis
1403 4142 1459 4206 PF,

315 4235 373 4288 deis
401 4234 438 4287 sl
489 4235 523 4287 26
548 4236 573 4288 ei
600 4234 649 4292 R³.
673 4235 696 4287 si
723 4234 851 4287 PMFR¹
906 4235 939 4287 27
968 4252 1016 4287 nos
1046 4250 1095 4287 cni.
1124 4234 1154 4287 F
1223 4237 1295 4287 terra
1322 4231 1458 4285 Oehlerus:

314 4331 413 4377 terram
432 4324 522 4377 1>an
