3250 4959
426 405 461 458 ΙΙ.
480 404 526 458 De
546 404 664 461 Carnis
682 405 945 461 Resurrectioue
963 407 1079 462 ‹er-45.
1293 412 1333 474 91

182 600 323 684 infregit,
349 621 428 683 quae
453 602 561 667 exinde
585 604 648 666 iam
671 606 778 668 nostra
798 608 856 667 est.
877 603 1011 685 denique
1031 604 1286 668 manifestabitur
1302 605 1335 668 in

184 727 328 790 corpore.
356 709 503 791 quando?
536 713 780 791 postmortem.
816 710 996 792 qrromodo?
1030 710 1103 774 dum
1137 711 1335 794 resurgimus

181 817 215 878 in
250 833 389 897 corpore,
423 815 508 880 sieut
540 819 572 880 et
605 817 762 881 Christus.
796 835 835 879 ne
874 817 956 880 enim
991 817 1062 898 quis
1096 822 1336 900 argumentetur

183 941 269 987 nunc
288 921 403 986 habere
422 923 619 988 manifestari
642 924 743 987 uitam
763 924 838 987 Iesu
856 923 888 986 in
904 942 1033 1005 corpore
1048 926 1154 989 nostro
1173 943 1229 1006 per
1242 923 1335 987 disci·

149 1049 163 1088 s
183 1029 304 1111 plinam
326 1029 504 1094 sanctitatis
522 1033 553 1094 et
567 1030 738 1112 patientiae
753 1034 785 1092 et
803 1030 946 1110 institiae
966 1034 998 1093 et
1017 1031 1199 1112 sapientiae,
1219 1030 1335 1113 quibus

184 1136 306 1201 domini
329 1136 397 1201 uita
416 1135 566 1212 floruerit,
591 1135 872 1217 prouidentissime
896 1137 1183 1219 apostoliintentio
1203 1138 1334 1220 ingerit:

184 1244 216 1308 si
239 1244 332 1308 enim
354 1263 429 1316 nos,
456 1243 519 1326 qui
539 1243 720 1320 uiuimus,
740 1242 776 1306 in
795 1247 953 1308 mortem
971 1244 1157 1308 tradimur
1179 1248 1335 1327 propter

184 1351 320 1428 Iesum,
355 1352 391 1414 et
422 1350 503 1413 uita
536 1349 618 1413 eius
651 1349 921 1414 manifestetur
947 1350 984 1414 in
1012 1368 1168 1433 corpore
1202 1354 1333 1416 nostro

184 1456 345 1521 mortali.
359 1455 437 1520 adeo
454 1455 612 1521 defunctis
627 1457 718 1521 nobis
735 1457 794 1520 hoc
810 1457 855 1520 ait
869 1457 1013 1521 futurum
1024 1457 1056 1520 in
1072 1475 1202 1539 corpore
1216 1462 1334 1523 nostro.

137 1583 164 1623 m
185 1563 301 1646 quodsi
338 1565 424 1640 tunc,
463 1563 621 1646 quomodo
655 1563 716 1628 nisi
748 1564 940 1628 resuscitato
978 1567 1036 1627 eo?
1072 1564 1204 1644 proinde
1237 1570 1270 1629 et
1300 1565 1332 1628 in

184 1670 344 1735 clausula:
374 1670 549 1747 seientes,
580 1671 634 1748 ait,
664 1670 762 1753 quod
795 1671 859 1752 qui
897 1671 1109 1735 suscitauit
1146 1671 1268 1734 Iesum
1298 1676 1335 1736 et

183 1797 251 1842 nos
275 1777 485 1841 suscitabit
509 1796 590 1840 cum
614 1777 708 1858 ipso,
734 1777 809 1859 quia
832 1778 895 1842 iam
918 1778 1123 1842 resurrexerit
1146 1797 1164 1840 a
1187 1778 1333 1851 mortuis,

182 1884 246 1949 nisi
274 1884 348 1966 qnia
377 1903 450 1948 cum
478 1883 547 1965 ipso
577 1885 661 1948 sieut
683 1883 788 1966 ipsum
819 1884 916 1966 sapit;
947 1885 975 1948 si
1003 1903 1077 1948 uero
1106 1883 1190 1947 sicut
1216 1885 1333 1967 ipsum,

182 2011 246 2056 non
269 1993 383 2073 utique
412 1990 478 2054 sino
503 2009 603 2055 carne.
683 2033 685 2039 ι

138 2115 164 2156 is
229 2099 282 2161 45.
307 2097 370 2162 Sed
394 2099 426 2160 et
445 2117 555 2161 rursus
575 2097 636 2161 alia
656 2097 807 2162 caecitate
825 2097 857 2160 in
879 2096 958 2161 duos
978 2096 1122 2161 homines
1141 2097 1333 2182 impingunt.

182 2204 215 2268 in
240 2207 380 2268 ueterem
401 2204 482 2268 etin
503 2223 633 2278 nouum,
658 2207 804 2268 monente
824 2205 970 2285 apostolo
989 2203 1155 2287 ‘deponere
1174 2223 1232 2269 nos
1247 2210 1333 2270 nete-

182 2330 250 2374 rem
273 2311 445 2388 hominem,
470 2311 525 2392 qni
549 2311 761 2394 corrumpitur
775 2330 840 2392 ¹per
863 2311 1149 2391 concupiscentiam
1175 2312 1332 2376 seductio·

182 2419 244 2488 nis,
265 2418 409 2482 renouari
429 2421 535 2481 autem
557 2417 670 2499 spiritu
691 2436 803 2481 sensus
824 2422 857 2481 et
874 2417 1003 2481 induere
1023 2437 1141 2482 nouum
1161 2419 1331 2495 hominem,

184 2525 240 2607 qui
265 2523 438 2588 seeundum
464 2523 556 2588 deum
579 2523 725 2588 conditus
745 2524 844 2588 estin
868 2524 995 2588 iustitia
1017 2528 1050 2589 et
1073 2524 1226 2608 religione
1250 2523 1332 2589 ueri·

135 2649 163 2688 m
182 2630 283 2706 tatis',
307 2635 344 2694 ut
368 2633 399 2694 et
422 2631 473 2694 hio
494 2631 531 2694 ed
553 2629 630 2695 duas
654 2631 851 2695 substantias
876 2630 1113 2714 distinguendo,
1137 2634 1331 2695 uetustatem

184 2738 225 2801 ad
254 2757 388 2810 carnem,
421 2737 598 2802 nouitatem
630 2736 669 2801 ad
698 2737 846 2812 animem,
880 2737 1114 2819 corruptionem
1146 2740 1330 2820 perpetuam

183 2844 287 2909 ueteri
311 2843 489 2920 defendant,
513 2844 546 2907 id
571 2848 620 2909 est
643 2844 735 2908 osmi.
759 2863 850 2926 porro
875 2845 902 2909 si
927 2844 1101 2909 seeundum
1125 2845 1331 2919 substantias,

184 2970 243 3016 neo
276 2951 378 3016 anima
401 2950 504 3034 (ideo)
532 2970 634 3016 nouus
667 2951 772 3034 homo,
798 2951 872 3032 quia
894 2952 1060 3034 posterior,
1085 2971 1237 3016 neccaro
1261 2950 1331 3016 ideo

165 3062 292 3139 uetus,
316 3059 391 3141 quia
413 3059 504 3141 prior.
529 3057 718 3139 quantulum
743 3058 825 3123 enim
850 3059 1002 3140 temporis
1026 3058 1107 3122 inter
1128 3077 1257 3122 manum
1283 3058 1330 3123 dei

135 3185 164 3226 ae
184 3169 218 3230 et
243 3165 414 3229 adflatum?
437 3165 540 3228 susim
566 3165 682 3229 dicere:
708 3165 803 3229 etiam
834 3165 862 3229 si
885 3166 987 3228 multo
1012 3165 1097 3246 prior
1119 3166 1225 3230 anima
1248 3185 1330 3242 caro,

184 3293 222 3338 eo
259 3273 341 3355 ipso,
379 3272 464 3353 quod
496 3271 599 3336 anima
631 3272 756 3354 impleri
794 3291 829 3337 se
862 3272 1051 3355 expectauit,
1089 3273 1225 3354 priorem
1263 3292 1331 3335 eam

184 3381 272 3445 iecit.
302 3381 402 3445 omnis
432 3379 514 3444 enim
544 3379 774 3443 consummatio
809 3381 906 3461 atque
933 3379 1096 3460 perfectio,
1130 3381 1191 3443 etsi
1223 3379 1331 3443 ordine

184 3491 360 3572 postumat,
389 3485 504 3550 effectu
533 3487 694 3569 anticipat.
724 3485 826 3570 magis
854 3484 935 3548 illud
965 3485 1052 3567 prius
1086 3489 1144 3552 est.
1174 3486 1240 3549 sine
1270 3505 1331 3567 quo

277 3766 304 3834 r]
330 3764 357 3818 11
380 3764 440 3820 sor.
464 3763 489 3826 4,
515 3765 556 3817 11.
614 3763 656 3832 11]
680 3763 708 3816 11
732 3762 792 3816 eor.
816 3764 842 3829 4,
868 3764 908 3816 14.
967 3764 1011 3832 ie]
1031 3762 1065 3817 cr.
1085 3763 1152 3832 spu.
1171 3764 1197 3824 4,
1217 3763 1331 3817 aa-ae.

223 3941 353 3995 lnostra
371 3941 414 3992 est
426 3937 495 3998 PM.
515 3941 608 3992 nostra
626 3939 656 3991 F
707 3938 867 3993 ddomiuns
886 3938 917 3991 F
968 3937 1033 3994 tet
1051 3938 1145 4006 PMF,
1166 3939 1332 4007 utRuulpo

184 4031 201 4085 9
216 4029 285 4084 aden
303 4027 367 4083 ceo·
386 4027 446 4082 ideo
462 4027 554 4082 PMF
608 4029 640 4082 12
659 4030 833 4081 resurrexerit
847 4029 917 4089 ΡΜ,
936 4030 1081 4081 resurrexit
1094 4029 1176 4082 Fore
1232 4028 1332 4081 renisi

185 4119 296 4189 -sapit
314 4133 364 4172 om.
379 4117 407 4171 P
423 4116 499 4184 (odd.
514 4117 543 4170 R
560 4119 592 4172 ire
611 4135 660 4186 sup.
676 4135 708 4170 erc
722 4117 929 4186 Hirecupienee)
995 4118 1027 4170 18
1042 4134 1122 4171 sensu
1136 4119 1248 4187 spiritus
1263 4117 1333 4185 Bmp

185 4211 219 4264 22
235 4207 384 4261 defendant
404 4206 469 4261 cer.-
488 4205 618 4260 defendat
635 4206 726 4261 PMF
777 4210 812 4261 23
832 4207 893 4260 ideo
914 4207 1014 4260 addidi
1067 4209 1102 4260 25
1122 4207 1211 4260 anima
1232 4223 1333 4275 ,quanm

185 4315 246 4353 caro
266 4297 296 4350 B
350 4295 384 4348 28
403 4295 500 4350 effectu
519 4295 616 4364 PMF,
636 4297 733 4350 effectu
753 4301 844 4350 tamen
867 4297 891 4349 U
959 4296 1046 4350 maius
1065 4296 1095 4349 F
