3250 4959
318 388 359 452 38
546 382 664 450 Quinti
684 381 828 454 Septimi
845 382 1017 437 Florentio
1034 380 1246 437 Tertulliani

299 573 469 664 reginam,
501 577 703 643 liberalitatis
741 596 818 642 suae
853 576 1014 652 heredem,
1055 576 1219 663 religionis
1256 596 1332 643 suae
1365 596 1471 643 sacer·

318 685 435 763 dotem,
465 684 640 751 testimonii
669 684 720 748 sui
741 683 890 760 militem,
915 681 1035 748 Christi
1059 683 1109 748 sni
1133 702 1284 762 sororem,
1310 684 1343 749 in
1367 688 1471 750 aster-

317 811 392 857 num
416 791 573 857 destituat
594 790 769 857 interitum.
797 790 917 854 bonum
941 790 1036 855 deum
1065 790 1228 855 nouimus:
1257 791 1362 856 solum
1387 792 1470 874 opti-

317 918 405 963 mum
439 916 457 961 a
489 897 616 963 Christo
649 897 718 962 eius
747 896 951 962 addiscimus.
985 897 1050 980 qui,
1079 895 1281 962 dilectionem
1313 898 1469 964 mandans

317 1009 391 1087 post
410 1023 499 1069 snam
518 1004 550 1069 in
569 1004 757 1086 proximum,
786 1003 884 1069 facist
906 1006 939 1069 et
961 1002 1030 1086 ipse
1054 1004 1140 1086 quod
1157 1004 1328 1088 praecepit.
1353 1004 1470 1090 diliget
1506 1028 1522 1067 a

317 1130 443 1176 carnem
467 1113 517 1175 tot
539 1110 641 1175 modis
666 1110 728 1175 sibi
751 1111 942 1193 proximam:
967 1110 1029 1175 etsi
1051 1110 1221 1189 infirmam,
1243 1110 1302 1175 sed
1328 1111 1468 1177 uirtus

317 1218 356 1282 in
371 1216 621 1281 infirmitate
641 1216 881 1298 perficitur:
897 1217 958 1281 etsi
972 1216 1177 1293 imbecillam,
1196 1217 1468 1283 sedmedicum

319 1344 392 1389 non
417 1324 659 1390 desiderant
681 1323 762 1387 nisi
791 1324 893 1387 male
920 1322 1135 1388 habentes:
1166 1322 1228 1388 etsi
1254 1324 1466 1402 inhonestam,

319 1430 375 1496 sed
405 1430 770 1496 inhonestioribus
804 1430 995 1495 maiorem
1027 1429 1322 1494 circumdamus
1350 1430 1467 1496 hono·

318 1556 414 1602 rem:
435 1537 496 1602 etsi
514 1538 683 1621 perditam,
703 1538 759 1603 ssd
783 1554 866 1621 ego,
885 1536 1001 1619 inquit,
1020 1536 1124 1615 neni,
1148 1538 1193 1600 ut
1216 1537 1320 1619 qnod
1342 1538 1520 1620 periitne

320 1644 477 1709 saluum
502 1644 662 1709 faciam:
688 1643 749 1708 etsi
771 1643 991 1727 peccatricem,
1015 1642 1071 1707 sed
1093 1643 1197 1708 malo
1220 1642 1329 1723 mihi,
1352 1644 1467 1725 inquit,

320 1749 498 1815 salutem
532 1748 766 1833 peccatoris
805 1768 922 1831 quam
958 1752 1144 1814 mortem:
1181 1748 1243 1815 etsi
1276 1749 1467 1827 damnatam,

319 1857 375 1923 sed
399 1875 481 1941 ogo,
505 1856 620 1939 inquit,
644 1855 873 1939 percutiam
899 1858 938 1920 et
956 1856 1114 1921 sanabo.
1138 1855 1215 1939 quid
1239 1875 1277 1921 ea
1299 1857 1466 1940 exprobras

320 1964 415 2043 carni,
445 1982 524 2045 quae
553 1962 646 2027 deum
674 1965 850 2045 expectant,
880 1982 960 2046 quae
991 1962 1023 2026 in
1057 1962 1151 2028 deum
1183 1966 1334 2047 sperant?
1370 1963 1467 2029 hono·

319 2072 428 2134 rantur
451 2069 490 2133 ah
521 2068 578 2134 illo
607 2068 722 2151 quibus
751 2069 912 2135 subuenit.
939 2070 1044 2134 ausim
1073 2070 1192 2135 dicore:
1222 2069 1250 2134 si
1276 2069 1354 2135 haec
1382 2070 1468 2135 carni
1489 2092 1518 2133 m

317 2195 380 2241 non
408 2176 607 2251 accidissent,
630 2176 811 2260 benignitas
837 2176 939 2261 gratia
965 2175 1183 2242 misericordia
1206 2177 1308 2242 omnis
1336 2176 1389 2243 uis
1416 2176 1468 2241 dei

319 2283 460 2349 benefica
482 2282 652 2348 uacuisset.

367 2392 419 2456 10.
452 2389 552 2455 Tenes
585 2388 767 2472 scripturas,
790 2388 907 2470 quibus
941 2407 1012 2453 caro
1044 2388 1235 2454 infuscatur:
1268 2393 1340 2454 tone
1372 2388 1468 2453 etiam

321 2496 437 2579 quihus
454 2496 656 2571 inlustratur,
675 2495 758 2579 legis
783 2512 857 2559 cum
881 2494 1005 2577 quaudo
1030 2494 1226 2579 deprimitur,
1246 2493 1340 2579 adige
1359 2494 1468 2559 oculos

322 2607 450 2669 etcum
475 2601 598 2685 quando
626 2602 797 2667 releuatur.
831 2601 959 2667 omnia
992 2620 1084 2666 caro
1116 2602 1282 2667 fosnum.
1313 2620 1375 2667 non
1408 2601 1517 2666 hocne

321 2711 426 2776 solnm
459 2709 676 2792 pronuntiauit
707 2708 830 2788 Esaias,
863 2708 919 2773 ssd
952 2712 997 2774 ot:
1032 2710 1159 2774 omnis
1187 2726 1279 2773 caro
1306 2707 1469 2773 uidebit

322 2814 503 2882 salutare
532 2815 605 2881 dei.
628 2819 758 2881 notatur
780 2815 811 2879 in
838 2814 954 2881 Genesi
978 2814 1086 2880 dicens
1115 2815 1208 2880 deust
1241 2833 1314 2879 non
1342 2832 1467 2880 mano·

321 2924 383 2988 bit
416 2922 595 3005 spiritus
627 2940 737 2986 meus
772 2922 809 2987 in
842 2922 1077 2987 hominihus
1109 2921 1221 3000 istis,
1254 2920 1349 3003 quia
1377 2940 1467 2986 caro

324 3033 427 3095 sunt.
454 3027 510 3093 sed
535 3033 567 3093 et
590 3028 719 3093 auditur
740 3047 798 3111 per
820 3028 977 3094 lohelom:
1007 3028 1215 3093 offundam
1242 3026 1287 3093 de
1314 3027 1467 3109 spiritu

322 3154 407 3201 meo
440 3136 477 3199 in
511 3154 662 3200 omnem
695 3154 864 3200 carnem.
893 3135 1074 3216 apostolum
1105 3153 1231 3217 quoque
1264 3153 1302 3198 ne
1335 3132 1374 3197 dc
1405 3150 1517 3198 uncas

411 3360 439 3429 3]
459 3358 494 3414 cf.
512 3358 612 3414 Matth.
634 3359 674 3423 19,
696 3359 743 3426 173
762 3357 827 3412 Luc.
849 3356 891 3421 18,
914 3357 955 3411 19.
1010 3358 1040 3427 4]
1061 3358 1095 3412 cf.
1114 3358 1213 3415 llatth.
1232 3358 1276 3421 22,
1295 3358 1339 3412 et.
1393 3358 1422 3427 6]
1441 3356 1468 3411 Π

322 3447 382 3504 Gor.
404 3448 445 3515 12,
465 3448 490 3502 9.
573 3448 600 3516 7]
622 3448 686 3503 Luo.
706 3450 731 3511 5,
750 3446 793 3501 31.
877 3446 906 3516 9]
925 3446 939 3500 l
959 3444 1019 3501 Cor.
1041 3447 1083 3512 12,
1102 3446 1145 3501 23.
1215 3446 1259 3515 10]
1278 3447 1343 3501 Luc.
1364 3446 1407 3512 19,
1427 3446 1467 3501 10.

324 3538 369 3607 11]
388 3537 433 3594 Εο.
456 3538 497 3604 18,
516 3537 559 3591 23.
625 3536 670 3605 13]
689 3536 770 3589 Dent
790 3535 836 3599 32,
854 3536 897 3589 39.
962 3535 1006 3605 20]
1026 3535 1071 3589 Es.
1090 3535 1134 3599 40,
1154 3536 1179 3590 6.
1242 3535 1289 3605 22]
1309 3533 1378 3589 (len.
1397 3536 1424 3602 6,
1442 3536 1468 3590 3.

323 3624 489 3696 24]10e13‚
511 3627 533 3678 1.

359 3750 376 3803 3
395 3748 520 3802 nouimus
539 3748 635 3813 solum,
664 3749 796 3818 optimum
820 3748 877 3817 Rip
896 3747 955 3811 (sed
974 3749 1095 3816 optimus
1112 3772 1146 3793 =
1166 3748 1261 3810 tonus,
1280 3749 1417 3816 passiam
1434 3772 1469 3794 =

323 3838 415 3893 malus
430 3839 743 3904 announcement)
790 3837 889 3892 bfacit
902 3839 973 3907 Bmp
1019 3838 1053 3891 14
1061 3838 1170 3906 οίοοοοι
1182 3838 1408 3908 interropotiorria
1415 3852 1468 3905 po·

323 3929 369 3983 sut
439 3927 607 3982 honorantur
624 3927 721 3993 PMF,
738 3929 850 3996 <quae>
866 3928 1034 3980 honorantur
1054 3925 1106 3981 Get
1165 3928 1197 3981 15
1216 3926 1363 3979 subuenitf
1382 3926 1468 3979 anaim

323 4018 408 4086 οοῑρο
463 4018 495 4070 ll
516 4020 659 4072 uacuasset
676 4016 713 4077 F.
737 4017 892 4071 nacanisaet
909 4016 980 4084 Rmp
1033 4016 1068 4069 20
1087 4032 1146 4069 curn
1170 4012 1470 4085 quantominus

326 4104 432 4175 quando
461 4104 543 4172 Pam,
568 4122 628 4159 cum
657 4122 718 4159 caro
746 4104 802 4175 Rip
873 4103 1010 4157 releuatur
1036 4101 1072 4165 R,
1100 4104 1237 4157 reueletur
1259 4100 1350 4156 ΡΜΕ1
1418 4100 1471 4156 hoc

325 4211 376 4250 om.
394 4194 459 4260 Gel;
472 4196 562 4249 amcio
578 4212 616 4249 an
630 4194 810 4249 incolendas
823 4194 861 4247 ait
872 4193 1018 4247 uerbenam
1031 4192 1108 4257 ordo,
1125 4198 1158 4247 ut
1177 4192 1264 4246 omnia
1281 4208 1342 4246 caro
1358 4190 1471 4245 foenum

323 4290 386 4353 post
403 4282 499 4339 Esaias
518 4284 665 4339 collocetur
718 4282 752 4337 22
772 4282 838 4337 deus
856 4298 907 4337 oro.
925 4280 967 4337 13³
