3250 4959
312 347 375 411 568
535 343 654 408 Quinti
674 342 816 412 Septimi
834 343 1008 397 Florentis
1027 343 1232 397 Tertulliani

312 557 368 604 eur
395 537 506 603 adicit:
535 540 567 603 et
590 539 714 616 scitote,
744 538 832 620 quia
861 557 929 623 ego
959 557 1049 618 sum,
1079 558 1174 622 quern
1203 539 1328 604 scilicet
1350 557 1464 621 corpo-

312 663 400 710 reum
432 648 515 710 retro
549 647 721 710 nouerant?
755 647 810 710 aut
843 645 869 710 si
902 645 1090 728 phantasma
1121 649 1189 711 erat
1221 665 1463 729 usquequaque,

313 770 368 818 cur
395 751 468 816 illos
496 753 685 837 phantasma
713 751 876 817 credentes
904 752 1106 834 increpabat?
1134 753 1244 836 atquin
1276 753 1382 817 adhuc
1414 753 1462 816 eis

313 877 373 923 non
393 858 594 924 credentibus
614 861 780 942 propterea
803 858 909 924 eibum
934 858 1137 936 desiderauit,
1161 863 1198 924 ut
1222 879 1256 924 se
1280 860 1464 925 ostenderet

313 966 407 1030 etiam
432 965 541 1030 dentes
566 966 689 1034 habere.
1491 989 1504 1028 s

356 1071 575 1154 Impleuimus,
617 1075 654 1136 ut
696 1072 815 1154 opinor,
854 1073 1067 1156 sponsionem.
1110 1072 1312 1137 exhibuimus
1351 1072 1462 1138 lesum

313 1177 475 1243 Christum
498 1179 723 1261 prophetarum
748 1177 899 1243 doctrinis
923 1179 1089 1243 sententiis
1113 1177 1292 1244 adfectibus
1314 1179 1461 1244 sensibus

316 1283 489 1349 uirtutibus
522 1284 724 1368 passionibus
758 1285 854 1349 etiam
883 1285 1112 1350 resurrectione
1147 1304 1209 1350 non
1237 1285 1339 1349 alium
1367 1305 1461 1368 quam

313 1391 473 1471 creatoris,
507 1391 664 1475 siquidem
703 1395 734 1456 et
772 1391 933 1475 apostolos
970 1375 1101 1458 mittens
1139 1393 1179 1457 ad
1214 1393 1461 1477 praedicandum

311 1499 472 1564 uniuersis
500 1498 681 1565 nationibus
704 1498 736 1562 iu
761 1517 887 1564 omnem
911 1501 1025 1563 terram
1050 1499 1132 1563 exire
1156 1519 1269 1564 sonum
1294 1519 1406 1565 eorum
1428 1503 1459 1563 et
1478 1525 1503 1562 ro

312 1604 343 1668 in
358 1604 509 1669 terminos
524 1609 624 1669 terrae
645 1623 739 1670 uoces
760 1623 869 1670 eorum
888 1606 1048 1686 psalmum
1068 1604 1267 1688 adimplendo
1287 1607 1459 1689 praecepit.

312 1711 463 1777 misereor
485 1712 543 1792 tui,
572 1710 728 1787 Marcion;
753 1711 871 1776 frustra
893 1711 1055 1776 laborasti.
1090 1711 1236 1778 Christus
1260 1712 1346 1777 enim
1370 1713 1459 1777 Iesus

313 1817 345 1882 in
369 1818 533 1902 euangelio
557 1821 612 1883 tuo
637 1836 727 1882 meus
753 1821 811 1883 est.

719 2026 847 2082 LIBER
867 2026 1059 2093 QVINTVS.

359 2156 386 2219 1.
410 2116 508 2218 Nihil
537 2154 603 2219 siue
628 2153 748 2238 origine
776 2154 838 2220 nisi
862 2155 940 2219 deus
965 2155 1063 2220 solus.
1093 2173 1173 2237 quae
1197 2159 1352 2238 quantum
1376 2173 1461 2238 prae·
1476 2173 1499 2212 e

270 2269 272 2274 '
315 2260 400 2326 cedit
426 2260 458 2324 in
488 2263 575 2325 statu
604 2261 744 2324 omnium
772 2279 887 2340 rerum,
917 2264 1042 2325 tanturn
1064 2260 1232 2343 praecedat
1254 2279 1386 2326 necesse
1410 2264 1458 2324 est

314 2365 408 2431 etiam
432 2365 464 2429 in
487 2368 658 2430 retractatu
682 2385 799 2443 earum,
828 2369 866 2431 ut
893 2370 1036 2432 constare
1065 2366 1103 2431 de
1131 2369 1217 2431 statu
1245 2366 1358 2451 possit,
1387 2367 1458 2448 quia

314 2489 370 2535 neo
393 2469 510 2536 habeas
534 2470 688 2554 dispicere
713 2472 789 2555 quid
814 2473 905 2556 qualo
930 2474 980 2553 sit,
1008 2472 1071 2538 nisi
1098 2477 1204 2539 certus
1232 2492 1271 2538 au
1299 2474 1354 2550 sit,
1387 2491 1457 2538 cum

314 2577 500 2661 cognoueris
524 2577 605 2643 unde
630 2579 683 2644 sit.
707 2583 739 2644 et
762 2579 832 2645 ideo
857 2598 893 2644 ex
911 2580 1058 2663 opusculi
1078 2580 1186 2645 ordine
1205 2579 1245 2642 ad
1263 2578 1343 2643 hanc
1362 2583 1457 2642 mate·

314 2683 392 2747 riam
421 2683 592 2749 deuolutus
624 2686 760 2769 apostoli
790 2705 915 2768 quoque
943 2686 1035 2751 Pauli
1063 2685 1217 2770 originem
1248 2705 1268 2750 a
1298 2685 1498 2750 Marcionem
1609 2728 1610 2741 .

315 2789 470 2870 desidero,
499 2811 601 2857 nouus
630 2792 729 2875 aliqui
758 2792 934 2877 discipulus
965 2811 1022 2858 nee
1045 2794 1144 2858 ullius
1168 2792 1299 2858 alterius
1323 2791 1458 2866 auditor,

315 2897 369 2979 qui
393 2898 472 2963 nihil
494 2899 621 2965 interim
646 2901 770 2965 credam
794 2901 855 2965 nisi
879 2901 957 2965 nihil
981 2905 1099 2965 temere
1118 2899 1317 2978 credendum,
1341 2904 1459 2963 temere

314 3019 406 3084 porro
425 3005 510 3070 credi
529 3006 751 3090 quodcumque
771 3007 838 3072 siue
854 3007 984 3091 originis
999 3005 1158 3090 agnitione
1173 3004 1327 3084 credetur,
1343 3006 1459 3087 quique

316 3107 501 3192 dignissime
521 3111 560 3176 ad
579 3111 827 3178 sollicitudiuem
846 3112 988 3196 redigam
1007 3112 1101 3176 istam
1119 3110 1367 3193 inquisitionem,
1388 3129 1460 3175 cum
1609 3194 1610 3197 Ἴ

315 3215 343 3279 is
365 3217 444 3281 mihi
468 3218 651 3284 adfirmatur·
673 3219 849 3302 apostolus,
873 3238 967 3301 quem
989 3219 1021 3283 in
1046 3217 1118 3282 albo
1141 3216 1358 3301 apostolorum
1376 3216 1461 3299 apud
1477 3237 1501 3280 ss
1609 3212 1610 3221 ’

317 3325 518 3408 euangelium
551 3345 611 3390 non
644 3325 851 3408 deprehendo.
879 3325 1015 3406 denique
1043 3324 1174 3389 audiens
1203 3325 1314 3406 postea
1341 3343 1415 3388 eum
1443 3342 1461 3387 a

317 3429 442 3495 domino
467 3431 626 3497 adlectum
649 3433 713 3496 iam
736 3432 767 3496 iu
792 3431 888 3496 caelis
913 3431 1107 3514 quiescente,
1133 3430 1225 3514 quasi
1246 3429 1460 3513 improuideu-

316 3537 394 3603 tiam
409 3539 564 3618 existimo,
585 3539 687 3604 sinon
703 3541 774 3603 ante
794 3539 870 3604 sciit
886 3538 978 3603 illum
998 3537 1059 3602 sibi
1074 3537 1285 3602 necessarium
1302 3535 1460 3614 Christus,

317 3644 373 3710 sed
395 3644 459 3709 iarn
484 3645 628 3711 ordinato
652 3645 755 3711 officio
780 3645 978 3729 apostolatus
1004 3644 1089 3708 etin
1118 3662 1177 3707 sua
1206 3662 1301 3724 opera
1328 3642 1461 3708 dimisso

407 3785 432 3855 1]
454 3784 486 3840 cl.
506 3785 571 3840 Luc.
591 3787 634 3854 24,
653 3787 696 3840 39.
750 3786 779 3855 4]
801 3785 834 3839 ci.
854 3785 918 3842 Luc.
938 3787 981 3847 24,
1001 3783 1116 3839 41—43.
1167 3783 1194 3853 91
1215 3781 1249 3839 el.
1268 3782 1334 3837 Luc.
1352 3783 1397 3841 24.
1416 3781 1459 3836 47.

320 3874 363 3942 10]
383 3873 415 3928 cs.
434 3875 480 3930 Ps.
501 3875 543 3944 18,
563 3877 587 3932 5.
644 3876 689 3945 26]
711 3873 744 3929 cf.
764 3877 823 3928 nce.
843 3877 868 3936 9,
889 3876 967 3928 1-9.

354 3981 386 4032 13
410 3978 596 4036 ADVERSVS
621 3969 815 4036 huncioni
834 3969 894 4034 LIV
921 3979 1086 4045 QVARTVS
1113 3976 1295 4042 uaruicum
1324 3975 1461 4032 lucssuu

317 4057 380 4124 Ll'ff
397 4067 553 4136 QVINTVS
572 4071 608 4124 Μ
660 4073 695 4126 20
714 4071 792 4125 Pauli
812 4087 864 4126 om.
882 4071 930 4134 131,
945 4067 1169 4138 ρναώεπτΜΙέ3
1222 4067 1257 4122 23
1277 4066 1402 4121 credetur
1419 4065 1461 4133 ds,

317 4158 435 4212 creditur
452 4159 572 4229 Rurelpo
627 4160 662 4214 24
681 4159 839 4230 dignissime
858 4183 892 4205 =
911 4173 1015 4212 moroso
1033 4159 1095 4211 iure
1148 4157 1182 4210 27
1202 4157 1359 4225 quiescente
1378 4153 1462 4221 MR',

318 4247 500 4315 quiescentem
518 4247 558 4303 R²
612 4249 646 4304 28
666 4249 728 4303 sciit
746 4248 857 4317 scripsi:
876 4248 928 4302 scit
946 4245 1029 4314 MR²‚
1048 4247 1131 4302 sciuit
1149 4244 1189 4300 R³
