<?xml version="1.0" encoding="UTF-8"?>
<!DOCTYPE html PUBLIC "-//W3C//DTD XHTML 1.0 Transitional//EN"
    "http://www.w3.org/TR/xhtml1/DTD/xhtml1-transitional.dtd">
<html xmlns="http://www.w3.org/1999/xhtml" xml:lang="en" lang="en">
 <head>
  <title>
</title>
<meta http-equiv="Content-Type" content="text/html;charset=utf-8" />
  <meta name='ocr-system' content='tesseract 3.04.00' />
  <meta name='ocr-capabilities' content='ocr_page ocr_carea ocr_par ocr_line ocrx_word'/>
</head>
<body>
  <div class='ocr_page' id='page_1' title='image "./corpusscriptoru20wissgoog_0301.png"; bbox 0 0 3250 4959; ppageno 0'>
   <div class='ocr_carea' id='block_1_1' title="bbox 467 430 1292 499">
    <p class='ocr_par' dir='ltr' id='par_1_1' title="bbox 467 430 1292 499">
     <span class='ocr_line' id='line_1_1' title="bbox 467 430 1292 499; baseline 0.012 -16"><span class='ocrx_word' id='word_1_1' title='bbox 467 430 514 484; x_wconf 87' lang='lat' dir='ltr'>VI.</span> <span class='ocrx_word' id='word_1_2' title='bbox 534 430 704 485; x_wconf 79' lang='lat' dir='ltr'>Aduersus</span> <span class='ocrx_word' id='word_1_3' title='bbox 723 432 870 485; x_wconf 79' lang='lat' dir='ltr'>Praxean</span> <span class='ocrx_word' id='word_1_4' title='bbox 890 432 969 487; x_wconf 79' lang='lat'>8-9.</span> <span class='ocrx_word' id='word_1_5' title='bbox 1226 436 1292 499; x_wconf 83' lang='grc'>239</span> 
     </span>
    </p>
   </div>
   <div class='ocr_carea' id='block_1_2' title="bbox 84 626 1352 3167">
    <p class='ocr_par' dir='ltr' id='par_1_2' title="bbox 90 626 1292 1885">
     <span class='ocr_line' id='line_1_2' title="bbox 124 626 1292 709; baseline 0.003 -21"><span class='ocrx_word' id='word_1_6' title='bbox 124 631 161 688; x_wconf 85' lang='lat' dir='ltr'>et</span> <span class='ocrx_word' id='word_1_7' title='bbox 189 644 376 691; x_wconf 88' lang='lat' dir='ltr'>sermonem</span> <span class='ocrx_word' id='word_1_8' title='bbox 405 627 484 700; x_wconf 83' lang='lat' dir='ltr'>eins,</span> <span class='ocrx_word' id='word_1_9' title='bbox 511 630 634 709; x_wconf 88' lang='lat' dir='ltr'>patrem</span> <span class='ocrx_word' id='word_1_10' title='bbox 663 629 695 690; x_wconf 91' lang='lat' dir='ltr'>et</span> <span class='ocrx_word' id='word_1_11' title='bbox 718 626 819 691; x_wconf 85' lang='lat' dir='ltr'>tilium</span> <span class='ocrx_word' id='word_1_12' title='bbox 848 627 960 709; x_wconf 87' lang='lat' dir='ltr'>ipsius.</span> <span class='ocrx_word' id='word_1_13' title='bbox 992 646 1065 691; x_wconf 85' lang='lat' dir='ltr'>narn</span> <span class='ocrx_word' id='word_1_14' title='bbox 1095 634 1127 692; x_wconf 92' lang='lat' dir='ltr'>et</span> <span class='ocrx_word' id='word_1_15' title='bbox 1149 628 1235 692; x_wconf 81' lang='lat' dir='ltr'>radix</span> <span class='ocrx_word' id='word_1_16' title='bbox 1260 632 1292 693; x_wconf 91' lang='lat' dir='ltr'>et</span> 
     </span>
     <span class='ocr_line' id='line_1_3' title="bbox 123 732 1290 811; baseline 0.003 -17"><span class='ocrx_word' id='word_1_17' title='bbox 123 733 244 797; x_wconf 78' lang='lat' dir='ltr'>frutex</span> <span class='ocrx_word' id='word_1_18' title='bbox 268 732 350 797; x_wconf 84' lang='lat' dir='ltr'>duae</span> <span class='ocrx_word' id='word_1_19' title='bbox 372 751 422 797; x_wconf 89' lang='lat' dir='ltr'>res</span> <span class='ocrx_word' id='word_1_20' title='bbox 447 737 532 811; x_wconf 85' lang='lat' dir='ltr'>sunt,</span> <span class='ocrx_word' id='word_1_21' title='bbox 558 733 614 798; x_wconf 90' lang='lat' dir='ltr'>sed</span> <span class='ocrx_word' id='word_1_22' title='bbox 638 734 841 809; x_wconf 81' lang='lat' dir='ltr'>coniunctae3</span> <span class='ocrx_word' id='word_1_23' title='bbox 866 738 898 797; x_wconf 89' lang='lat' dir='ltr'>et</span> <span class='ocrx_word' id='word_1_24' title='bbox 917 734 986 798; x_wconf 87' lang='lat' dir='ltr'>fons</span> <span class='ocrx_word' id='word_1_25' title='bbox 1012 737 1044 798; x_wconf 91' lang='lat' dir='ltr'>et</span> <span class='ocrx_word' id='word_1_26' title='bbox 1066 734 1184 799; x_wconf 88' lang='lat' dir='ltr'>flumen</span> <span class='ocrx_word' id='word_1_27' title='bbox 1210 734 1290 799; x_wconf 85' lang='lat' dir='ltr'>dnae</span> 
     </span>
     <span class='ocr_line' id='line_1_4' title="bbox 125 840 1290 922; baseline 0.001 -18"><span class='ocrx_word' id='word_1_28' title='bbox 125 840 266 922; x_wconf 85' lang='lat' dir='ltr'>species</span> <span class='ocrx_word' id='word_1_29' title='bbox 295 843 381 915; x_wconf 74' lang='lat' dir='ltr'>siant,</span> <span class='ocrx_word' id='word_1_30' title='bbox 414 840 471 904; x_wconf 90' lang='lat' dir='ltr'>sed</span> <span class='ocrx_word' id='word_1_31' title='bbox 501 840 673 917; x_wconf 90' lang='lat' dir='ltr'>indiuisae;</span> <span class='ocrx_word' id='word_1_32' title='bbox 707 843 739 904; x_wconf 89' lang='lat' dir='ltr'>et</span> <span class='ocrx_word' id='word_1_33' title='bbox 772 840 821 904; x_wconf 92' lang='lat' dir='ltr'>sol</span> <span class='ocrx_word' id='word_1_34' title='bbox 854 844 886 904; x_wconf 91' lang='lat' dir='ltr'>et</span> <span class='ocrx_word' id='word_1_35' title='bbox 916 840 1024 904; x_wconf 90' lang='lat' dir='ltr'>radius</span> <span class='ocrx_word' id='word_1_36' title='bbox 1057 840 1138 905; x_wconf 82' lang='lat' dir='ltr'>duae</span> <span class='ocrx_word' id='word_1_37' title='bbox 1170 842 1290 907; x_wconf 85' lang='lat' dir='ltr'>formae</span> 
     </span>
     <span class='ocr_line' id='line_1_5' title="bbox 125 947 1291 1029; baseline 0.001 -19"><span class='ocrx_word' id='word_1_38' title='bbox 125 950 225 1025; x_wconf 86' lang='lat' dir='ltr'>sunt,</span> <span class='ocrx_word' id='word_1_39' title='bbox 250 948 307 1011; x_wconf 89' lang='lat' dir='ltr'>sed</span> <span class='ocrx_word' id='word_1_40' title='bbox 331 947 545 1011; x_wconf 76' lang='lat' dir='ltr'>cohaerentes.</span> <span class='ocrx_word' id='word_1_41' title='bbox 566 966 669 1023; x_wconf 79' lang='lat' dir='ltr'>omne,</span> <span class='ocrx_word' id='word_1_42' title='bbox 690 947 775 1029; x_wconf 90' lang='lat' dir='ltr'>quod</span> <span class='ocrx_word' id='word_1_43' title='bbox 794 947 901 1029; x_wconf 89' lang='lat' dir='ltr'>prodit</span> <span class='ocrx_word' id='word_1_44' title='bbox 920 965 955 1010; x_wconf 87' lang='lat' dir='ltr'>ex</span> <span class='ocrx_word' id='word_1_45' title='bbox 975 947 1093 1029; x_wconf 85' lang='lat' dir='ltr'>aliquo,</span> <span class='ocrx_word' id='word_1_46' title='bbox 1114 948 1291 1013; x_wconf 87' lang='lat' dir='ltr'>secundum</span> 
     </span>
     <span class='ocr_line' id='line_1_6' title="bbox 90 1053 1291 1135; baseline 0.001 -18"><span class='ocrx_word' id='word_1_47' title='bbox 90 1078 103 1109; x_wconf 67' lang='lat'>1·</span> <span class='ocrx_word' id='word_1_48' title='bbox 127 1054 179 1117; x_wconf 82' lang='lat' dir='ltr'>sit</span> <span class='ocrx_word' id='word_1_49' title='bbox 222 1054 292 1117; x_wconf 89' lang='lat' dir='ltr'>eius</span> <span class='ocrx_word' id='word_1_50' title='bbox 330 1071 461 1117; x_wconf 89' lang='lat' dir='ltr'>necesso</span> <span class='ocrx_word' id='word_1_51' title='bbox 494 1056 553 1126; x_wconf 76' lang='lat' dir='ltr'>est,</span> <span class='ocrx_word' id='word_1_52' title='bbox 587 1053 625 1117; x_wconf 91' lang='lat' dir='ltr'>de</span> <span class='ocrx_word' id='word_1_53' title='bbox 658 1071 720 1135; x_wconf 88' lang='lat' dir='ltr'>quo</span> <span class='ocrx_word' id='word_1_54' title='bbox 752 1053 869 1135; x_wconf 84' lang='lat' dir='ltr'>prodit,</span> <span class='ocrx_word' id='word_1_55' title='bbox 903 1072 964 1117; x_wconf 91' lang='lat' dir='ltr'>non</span> <span class='ocrx_word' id='word_1_56' title='bbox 998 1053 1067 1117; x_wconf 90' lang='lat' dir='ltr'>ideo</span> <span class='ocrx_word' id='word_1_57' title='bbox 1100 1056 1206 1118; x_wconf 85' lang='lat' dir='ltr'>tamen</span> <span class='ocrx_word' id='word_1_58' title='bbox 1241 1060 1291 1118; x_wconf 90' lang='lat' dir='ltr'>est</span> 
     </span>
     <span class='ocr_line' id='line_1_7' title="bbox 126 1158 1290 1243; baseline 0.001 -21"><span class='ocrx_word' id='word_1_59' title='bbox 126 1164 332 1243; x_wconf 83' lang='lat' dir='ltr'>separatum.</span> <span class='ocrx_word' id='word_1_60' title='bbox 357 1160 517 1225; x_wconf 90' lang='lat' dir='ltr'>secundus</span> <span class='ocrx_word' id='word_1_61' title='bbox 542 1166 649 1224; x_wconf 90' lang='lat' dir='ltr'>autem</span> <span class='ocrx_word' id='word_1_62' title='bbox 673 1161 728 1223; x_wconf 90' lang='lat' dir='ltr'>ubi</span> <span class='ocrx_word' id='word_1_63' title='bbox 753 1166 811 1235; x_wconf 74' lang='lat' dir='ltr'>est,</span> <span class='ocrx_word' id='word_1_64' title='bbox 838 1158 900 1225; x_wconf 87' lang='lat' dir='ltr'>duo</span> <span class='ocrx_word' id='word_1_65' title='bbox 926 1163 1011 1237; x_wconf 79' lang='lat' dir='ltr'>sunt,</span> <span class='ocrx_word' id='word_1_66' title='bbox 1041 1163 1073 1223; x_wconf 91' lang='lat' dir='ltr'>et</span> <span class='ocrx_word' id='word_1_67' title='bbox 1095 1161 1210 1225; x_wconf 89' lang='lat' dir='ltr'>tertius</span> <span class='ocrx_word' id='word_1_68' title='bbox 1234 1162 1290 1225; x_wconf 90' lang='lat' dir='ltr'>uhi</span> 
     </span>
     <span class='ocr_line' id='line_1_8' title="bbox 127 1263 1291 1349; baseline 0 -18"><span class='ocrx_word' id='word_1_69' title='bbox 127 1273 195 1341; x_wconf 81' lang='lat' dir='ltr'>est,</span> <span class='ocrx_word' id='word_1_70' title='bbox 229 1270 294 1331; x_wconf 87' lang='lat' dir='ltr'>tres</span> <span class='ocrx_word' id='word_1_71' title='bbox 318 1263 402 1332; x_wconf 86' lang='lat' dir='ltr'>sunt.</span> <span class='ocrx_word' id='word_1_72' title='bbox 427 1268 543 1331; x_wconf 89' lang='lat' dir='ltr'>tertius</span> <span class='ocrx_word' id='word_1_73' title='bbox 567 1267 651 1331; x_wconf 91' lang='lat' dir='ltr'>enim</span> <span class='ocrx_word' id='word_1_74' title='bbox 679 1272 730 1331; x_wconf 92' lang='lat' dir='ltr'>est</span> <span class='ocrx_word' id='word_1_75' title='bbox 753 1267 886 1349; x_wconf 90' lang='lat' dir='ltr'>spiritns</span> <span class='ocrx_word' id='word_1_76' title='bbox 911 1285 929 1330; x_wconf 89' lang='lat' dir='ltr'>a</span> <span class='ocrx_word' id='word_1_77' title='bbox 953 1266 1010 1329; x_wconf 91' lang='lat' dir='ltr'>deo</span> <span class='ocrx_word' id='word_1_78' title='bbox 1040 1269 1072 1331; x_wconf 91' lang='lat' dir='ltr'>et</span> <span class='ocrx_word' id='word_1_79' title='bbox 1100 1267 1176 1345; x_wconf 85' lang='lat' dir='ltr'>filio,</span> <span class='ocrx_word' id='word_1_80' title='bbox 1207 1267 1291 1331; x_wconf 90' lang='lat' dir='ltr'>sicut</span> 
     </span>
     <span class='ocr_line' id='line_1_9' title="bbox 125 1374 1289 1439; baseline 0.001 -1"><span class='ocrx_word' id='word_1_81' title='bbox 125 1375 256 1439; x_wconf 81' lang='lat' dir='ltr'>tertius</span> <span class='ocrx_word' id='word_1_82' title='bbox 285 1394 303 1437; x_wconf 90' lang='lat' dir='ltr'>a</span> <span class='ocrx_word' id='word_1_83' title='bbox 331 1374 436 1438; x_wconf 83' lang='lat' dir='ltr'>radice</span> <span class='ocrx_word' id='word_1_84' title='bbox 463 1374 587 1439; x_wconf 88' lang='lat' dir='ltr'>fructus</span> <span class='ocrx_word' id='word_1_85' title='bbox 616 1392 651 1438; x_wconf 85' lang='lat' dir='ltr'>cr</span> <span class='ocrx_word' id='word_1_86' title='bbox 683 1374 799 1439; x_wconf 84' lang='lat' dir='ltr'>frutice</span> <span class='ocrx_word' id='word_1_87' title='bbox 827 1377 859 1439; x_wconf 87' lang='lat' dir='ltr'>et</span> <span class='ocrx_word' id='word_1_88' title='bbox 890 1374 1004 1439; x_wconf 89' lang='lat' dir='ltr'>tertios</span> <span class='ocrx_word' id='word_1_89' title='bbox 1035 1392 1052 1437; x_wconf 88' lang='lat' dir='ltr'>a</span> <span class='ocrx_word' id='word_1_90' title='bbox 1080 1374 1166 1439; x_wconf 87' lang='lat' dir='ltr'>fonte</span> <span class='ocrx_word' id='word_1_91' title='bbox 1199 1374 1289 1439; x_wconf 90' lang='lat' dir='ltr'>rinus</span> 
     </span>
     <span class='ocr_line' id='line_1_10' title="bbox 127 1479 1291 1563; baseline 0.003 -20"><span class='ocrx_word' id='word_1_92' title='bbox 127 1501 168 1545; x_wconf 83' lang='lat' dir='ltr'>ex</span> <span class='ocrx_word' id='word_1_93' title='bbox 201 1480 334 1545; x_wconf 87' lang='lat' dir='ltr'>flumine</span> <span class='ocrx_word' id='word_1_94' title='bbox 367 1484 400 1543; x_wconf 89' lang='lat' dir='ltr'>et</span> <span class='ocrx_word' id='word_1_95' title='bbox 426 1480 541 1545; x_wconf 89' lang='lat' dir='ltr'>tertius</span> <span class='ocrx_word' id='word_1_96' title='bbox 570 1500 589 1545; x_wconf 91' lang='lat' dir='ltr'>a</span> <span class='ocrx_word' id='word_1_97' title='bbox 617 1479 685 1544; x_wconf 87' lang='lat' dir='ltr'>sole</span> <span class='ocrx_word' id='word_1_98' title='bbox 717 1498 795 1563; x_wconf 83' lang='lat' dir='ltr'>aper</span> <span class='ocrx_word' id='word_1_99' title='bbox 827 1498 864 1543; x_wconf 86' lang='lat' dir='ltr'>ex</span> <span class='ocrx_word' id='word_1_100' title='bbox 896 1480 994 1545; x_wconf 90' lang='lat' dir='ltr'>radio.</span> <span class='ocrx_word' id='word_1_101' title='bbox 1029 1480 1109 1543; x_wconf 87' lang='lat' dir='ltr'>nihil</span> <span class='ocrx_word' id='word_1_102' title='bbox 1138 1484 1242 1545; x_wconf 87' lang='lat' dir='ltr'>tamen</span> <span class='ocrx_word' id='word_1_103' title='bbox 1273 1502 1291 1546; x_wconf 90' lang='lat' dir='ltr'>a</span> 
     </span>
     <span class='ocr_line' id='line_1_11' title="bbox 93 1586 1289 1669; baseline 0.006 -24"><span class='ocrx_word' id='word_1_104' title='bbox 93 1609 107 1645; x_wconf 83' lang='grc' dir='ltr'><strong>ο</strong></span> <span class='ocrx_word' id='word_1_105' title='bbox 128 1589 274 1652; x_wconf 82' lang='lat' dir='ltr'>matrice</span> <span class='ocrx_word' id='word_1_106' title='bbox 301 1588 466 1666; x_wconf 87' lang='lat' dir='ltr'>alienatur,</span> <span class='ocrx_word' id='word_1_107' title='bbox 495 1608 514 1651; x_wconf 93' lang='lat' dir='ltr'>a</span> <span class='ocrx_word' id='word_1_108' title='bbox 536 1606 598 1669; x_wconf 92' lang='lat' dir='ltr'>qua</span> <span class='ocrx_word' id='word_1_109' title='bbox 625 1587 835 1669; x_wconf 78' lang='lat' dir='ltr'>proprietates</span> <span class='ocrx_word' id='word_1_110' title='bbox 864 1605 939 1651; x_wconf 90' lang='lat' dir='ltr'>suas</span> <span class='ocrx_word' id='word_1_111' title='bbox 963 1586 1062 1651; x_wconf 87' lang='lat' dir='ltr'>ducit.</span> <span class='ocrx_word' id='word_1_112' title='bbox 1090 1587 1135 1650; x_wconf 87' lang='lat' dir='ltr'>ita</span> <span class='ocrx_word' id='word_1_113' title='bbox 1164 1588 1289 1652; x_wconf 84' lang='lat' dir='ltr'>trinitas</span> 
     </span>
     <span class='ocr_line' id='line_1_12' title="bbox 129 1694 1289 1778; baseline 0 -19"><span class='ocrx_word' id='word_1_114' title='bbox 129 1716 193 1778; x_wconf 89' lang='lat' dir='ltr'>per</span> <span class='ocrx_word' id='word_1_115' title='bbox 218 1698 382 1759; x_wconf 90' lang='lat' dir='ltr'>consertos</span> <span class='ocrx_word' id='word_1_116' title='bbox 407 1699 440 1758; x_wconf 90' lang='lat' dir='ltr'>et</span> <span class='ocrx_word' id='word_1_117' title='bbox 463 1712 596 1759; x_wconf 81' lang='lat' dir='ltr'>conexos</span> <span class='ocrx_word' id='word_1_118' title='bbox 621 1694 737 1776; x_wconf 86' lang='lat' dir='ltr'>gradus</span> <span class='ocrx_word' id='word_1_119' title='bbox 762 1712 780 1756; x_wconf 89' lang='lat' dir='ltr'>a</span> <span class='ocrx_word' id='word_1_120' title='bbox 802 1696 892 1775; x_wconf 89' lang='lat' dir='ltr'>patre</span> <span class='ocrx_word' id='word_1_121' title='bbox 921 1694 1088 1759; x_wconf 88' lang='lat' dir='ltr'>decurrens</span> <span class='ocrx_word' id='word_1_122' title='bbox 1113 1700 1145 1758; x_wconf 91' lang='lat' dir='ltr'>et</span> <span class='ocrx_word' id='word_1_123' title='bbox 1168 1715 1289 1761; x_wconf 87' lang='lat' dir='ltr'>monar-</span> 
     </span>
     <span class='ocr_line' id='line_1_13' title="bbox 130 1800 1111 1885; baseline -0.001 -19"><span class='ocrx_word' id='word_1_124' title='bbox 130 1803 230 1866; x_wconf 86' lang='lat' dir='ltr'>chiae</span> <span class='ocrx_word' id='word_1_125' title='bbox 254 1802 334 1865; x_wconf 89' lang='lat' dir='ltr'>nihii</span> <span class='ocrx_word' id='word_1_126' title='bbox 357 1802 514 1885; x_wconf 87' lang='lat' dir='ltr'>obstrepit</span> <span class='ocrx_word' id='word_1_127' title='bbox 537 1803 570 1865; x_wconf 87' lang='lat' dir='ltr'>et</span> <span class='ocrx_word' id='word_1_128' title='bbox 593 1800 791 1865; x_wconf 86' lang='lat' dir='ltr'>oihonomiae</span> <span class='ocrx_word' id='word_1_129' title='bbox 816 1802 936 1865; x_wconf 86' lang='lat' dir='ltr'>statum</span> <span class='ocrx_word' id='word_1_130' title='bbox 960 1803 1111 1885; x_wconf 84' lang='lat' dir='ltr'>protegit.</span> 
     </span>
    </p>

    <p class='ocr_par' dir='ltr' id='par_1_3' title="bbox 84 1907 1352 3167">
     <span class='ocr_line' id='line_1_14' title="bbox 182 1907 1289 1992; baseline -0.001 -19"><span class='ocrx_word' id='word_1_131' title='bbox 182 1911 217 1973; x_wconf 81' lang='grc'>9.</span> <span class='ocrx_word' id='word_1_132' title='bbox 241 1910 331 1973; x_wconf 90' lang='lat' dir='ltr'>Hanc</span> <span class='ocrx_word' id='word_1_133' title='bbox 354 1927 405 1972; x_wconf 87' lang='lat' dir='ltr'>rna</span> <span class='ocrx_word' id='word_1_134' title='bbox 431 1910 574 1992; x_wconf 85' lang='lat' dir='ltr'>regulam</span> <span class='ocrx_word' id='word_1_135' title='bbox 602 1907 791 1989; x_wconf 86' lang='lat' dir='ltr'>professum,</span> <span class='ocrx_word' id='word_1_136' title='bbox 822 1926 884 1989; x_wconf 87' lang='lat' dir='ltr'>qua</span> <span class='ocrx_word' id='word_1_137' title='bbox 911 1908 1106 1990; x_wconf 81' lang='lat' dir='ltr'>inseparatos</span> <span class='ocrx_word' id='word_1_138' title='bbox 1136 1908 1173 1973; x_wconf 88' lang='lat' dir='ltr'>ah</span> <span class='ocrx_word' id='word_1_139' title='bbox 1199 1908 1289 1973; x_wconf 87' lang='lat' dir='ltr'>alter-</span> 
     </span>
     <span class='ocr_line' id='line_1_15' title="bbox 133 2015 1290 2098; baseline 0 -18"><span class='ocrx_word' id='word_1_140' title='bbox 133 2025 212 2080; x_wconf 86' lang='lat' dir='ltr'>utro</span> <span class='ocrx_word' id='word_1_141' title='bbox 241 2020 364 2098; x_wconf 88' lang='lat' dir='ltr'>patrem</span> <span class='ocrx_word' id='word_1_142' title='bbox 392 2020 424 2080; x_wconf 89' lang='lat' dir='ltr'>at</span> <span class='ocrx_word' id='word_1_143' title='bbox 450 2015 552 2080; x_wconf 88' lang='lat' dir='ltr'>filium</span> <span class='ocrx_word' id='word_1_144' title='bbox 577 2019 609 2079; x_wconf 89' lang='lat' dir='ltr'>et</span> <span class='ocrx_word' id='word_1_145' title='bbox 632 2016 781 2098; x_wconf 89' lang='lat' dir='ltr'>spiritum</span> <span class='ocrx_word' id='word_1_146' title='bbox 803 2018 913 2091; x_wconf 86' lang='lat' dir='ltr'>testor,</span> <span class='ocrx_word' id='word_1_147' title='bbox 937 2018 1009 2079; x_wconf 92' lang='lat' dir='ltr'>tene</span> <span class='ocrx_word' id='word_1_148' title='bbox 1033 2015 1160 2097; x_wconf 84' lang='lat' dir='ltr'>ubique,</span> <span class='ocrx_word' id='word_1_149' title='bbox 1190 2020 1222 2081; x_wconf 88' lang='lat' dir='ltr'>et</span> <span class='ocrx_word' id='word_1_150' title='bbox 1244 2016 1290 2080; x_wconf 92' lang='lat' dir='ltr'>ita</span> 
     </span>
     <span class='ocr_line' id='line_1_16' title="bbox 134 2120 1352 2206; baseline -0.001 -18.029"><span class='ocrx_word' id='word_1_151' title='bbox 97 2123 220 2206; x_wconf 60' lang='lat' dir='ltr'>aquid</span> <span class='ocrx_word' id='word_1_152' title='bbox 248 2123 406 2205; x_wconf 90' lang='lat' dir='ltr'>quomodo</span> <span class='ocrx_word' id='word_1_153' title='bbox 435 2122 559 2187; x_wconf 89' lang='lat' dir='ltr'>dicatur</span> <span class='ocrx_word' id='word_1_154' title='bbox 585 2140 750 2205; x_wconf 88' lang='lat' dir='ltr'>agnosces.</span> <span class='ocrx_word' id='word_1_155' title='bbox 780 2138 853 2185; x_wconf 90' lang='lat' dir='ltr'>ecce</span> <span class='ocrx_word' id='word_1_156' title='bbox 882 2122 965 2185; x_wconf 90' lang='lat' dir='ltr'>enim</span> <span class='ocrx_word' id='word_1_157' title='bbox 994 2120 1064 2185; x_wconf 91' lang='lat' dir='ltr'>dico</span> <span class='ocrx_word' id='word_1_158' title='bbox 1093 2122 1190 2185; x_wconf 88' lang='lat' dir='ltr'>aliurn</span> <span class='ocrx_word' id='word_1_159' title='bbox 1220 2140 1291 2186; x_wconf 88' lang='lat' dir='ltr'>esse</span> <span class='ocrx_word' id='word_1_160' title='bbox 1351 2184 1352 2187; x_wconf 74' lang='grc'>,</span> 
     </span>
     <span class='ocr_line' id='line_1_17' title="bbox 135 2226 1292 2313; baseline 0 -21"><span class='ocrx_word' id='word_1_161' title='bbox 135 2235 267 2313; x_wconf 86' lang='lat' dir='ltr'>patrem</span> <span class='ocrx_word' id='word_1_162' title='bbox 296 2232 328 2292; x_wconf 90' lang='lat' dir='ltr'>et</span> <span class='ocrx_word' id='word_1_163' title='bbox 354 2230 453 2293; x_wconf 87' lang='lat' dir='ltr'>aliurn</span> <span class='ocrx_word' id='word_1_164' title='bbox 479 2227 583 2292; x_wconf 85' lang='lat' dir='ltr'>filium</span> <span class='ocrx_word' id='word_1_165' title='bbox 611 2231 643 2291; x_wconf 85' lang='lat' dir='ltr'>ct</span> <span class='ocrx_word' id='word_1_166' title='bbox 671 2226 768 2291; x_wconf 91' lang='lat' dir='ltr'>alium</span> <span class='ocrx_word' id='word_1_167' title='bbox 798 2226 956 2309; x_wconf 85' lang='lat' dir='ltr'>spiritum,</span> <span class='ocrx_word' id='word_1_168' title='bbox 985 2264 1028 2274; x_wconf 91' lang='lat'><strong>—</strong></span> <span class='ocrx_word' id='word_1_169' title='bbox 1058 2228 1141 2291; x_wconf 87' lang='lat' dir='ltr'>male</span> <span class='ocrx_word' id='word_1_170' title='bbox 1174 2228 1292 2310; x_wconf 89' lang='lat' dir='ltr'>accipit</span> 
     </span>
     <span class='ocr_line' id='line_1_18' title="bbox 133 2334 1288 2418; baseline -0.002 -18"><span class='ocrx_word' id='word_1_171' title='bbox 133 2338 258 2401; x_wconf 89' lang='lat' dir='ltr'>idiotes</span> <span class='ocrx_word' id='word_1_172' title='bbox 283 2336 418 2417; x_wconf 90' lang='lat' dir='ltr'>quisque</span> <span class='ocrx_word' id='word_1_173' title='bbox 441 2340 498 2399; x_wconf 87' lang='lat' dir='ltr'>aut</span> <span class='ocrx_word' id='word_1_174' title='bbox 519 2354 689 2418; x_wconf 86' lang='lat' dir='ltr'>peruersus</span> <span class='ocrx_word' id='word_1_175' title='bbox 712 2336 772 2398; x_wconf 89' lang='lat' dir='ltr'>hoo</span> <span class='ocrx_word' id='word_1_176' title='bbox 796 2334 929 2403; x_wconf 82' lang='lat' dir='ltr'>dictum.</span> <span class='ocrx_word' id='word_1_177' title='bbox 954 2336 1046 2417; x_wconf 89' lang='lat' dir='ltr'>quasi</span> <span class='ocrx_word' id='word_1_178' title='bbox 1070 2334 1288 2398; x_wconf 87' lang='lat' dir='ltr'>diuersitatern</span> 
     </span>
     <span class='ocr_line' id='line_1_19' title="bbox 134 2441 1289 2525; baseline -0.001 -18"><span class='ocrx_word' id='word_1_179' title='bbox 134 2446 233 2507; x_wconf 78' lang='lat' dir='ltr'>sonet</span> <span class='ocrx_word' id='word_1_180' title='bbox 262 2445 294 2506; x_wconf 90' lang='lat' dir='ltr'>et</span> <span class='ocrx_word' id='word_1_181' title='bbox 321 2462 357 2507; x_wconf 84' lang='lat' dir='ltr'>ex</span> <span class='ocrx_word' id='word_1_182' title='bbox 385 2442 570 2506; x_wconf 86' lang='lat' dir='ltr'>diuersitate</span> <span class='ocrx_word' id='word_1_183' title='bbox 599 2442 830 2525; x_wconf 85' lang='lat' dir='ltr'>separationem</span> <span class='ocrx_word' id='word_1_184' title='bbox 858 2442 1026 2525; x_wconf 87' lang='lat' dir='ltr'>protendat</span> <span class='ocrx_word' id='word_1_185' title='bbox 1052 2442 1151 2525; x_wconf 85' lang='lat' dir='ltr'>patris</span> <span class='ocrx_word' id='word_1_186' title='bbox 1177 2441 1289 2506; x_wconf 81' lang='lat' dir='ltr'>attilii</span> 
     </span>
     <span class='ocr_line' id='line_1_20' title="bbox 132 2548 1289 2633; baseline -0.003 -20"><span class='ocrx_word' id='word_1_187' title='bbox 132 2556 170 2613; x_wconf 86' lang='lat' dir='ltr'>et</span> <span class='ocrx_word' id='word_1_188' title='bbox 199 2549 334 2633; x_wconf 90' lang='lat' dir='ltr'>spiritus</span> <span class='ocrx_word' id='word_1_189' title='bbox 363 2552 479 2625; x_wconf 80' lang='lat' dir='ltr'>sancti3</span> <span class='ocrx_word' id='word_1_190' title='bbox 503 2550 693 2613; x_wconf 86' lang='lat' dir='ltr'>necessitate</span> <span class='ocrx_word' id='word_1_191' title='bbox 721 2552 827 2613; x_wconf 88' lang='lat' dir='ltr'>autern</span> <span class='ocrx_word' id='word_1_192' title='bbox 857 2548 916 2612; x_wconf 89' lang='lat' dir='ltr'>hoc</span> <span class='ocrx_word' id='word_1_193' title='bbox 946 2548 1025 2627; x_wconf 87' lang='lat' dir='ltr'>dico,</span> <span class='ocrx_word' id='word_1_194' title='bbox 1056 2567 1128 2613; x_wconf 88' lang='lat' dir='ltr'>cunr</span> <span class='ocrx_word' id='word_1_195' title='bbox 1154 2548 1289 2613; x_wconf 88' lang='lat' dir='ltr'>eundern</span> 
     </span>
     <span class='ocr_line' id='line_1_21' title="bbox 84 2654 1289 2739; baseline 0.004 -25"><span class='ocrx_word' id='word_1_196' title='bbox 84 2678 111 2714; x_wconf 68' lang='grc' dir='ltr'>οι</span> <span class='ocrx_word' id='word_1_197' title='bbox 131 2663 262 2739; x_wconf 86' lang='lat' dir='ltr'>patrem</span> <span class='ocrx_word' id='word_1_198' title='bbox 287 2660 320 2719; x_wconf 89' lang='lat' dir='ltr'>et</span> <span class='ocrx_word' id='word_1_199' title='bbox 341 2654 442 2718; x_wconf 88' lang='lat' dir='ltr'>filium</span> <span class='ocrx_word' id='word_1_200' title='bbox 463 2660 495 2719; x_wconf 88' lang='lat' dir='ltr'>et</span> <span class='ocrx_word' id='word_1_201' title='bbox 514 2655 662 2737; x_wconf 90' lang='lat' dir='ltr'>spiritum</span> <span class='ocrx_word' id='word_1_202' title='bbox 681 2656 885 2733; x_wconf 86' lang='lat' dir='ltr'>contendunt,</span> <span class='ocrx_word' id='word_1_203' title='bbox 909 2655 1063 2719; x_wconf 87' lang='lat' dir='ltr'>aduersus</span> <span class='ocrx_word' id='word_1_204' title='bbox 1089 2656 1289 2721; x_wconf 87' lang='lat' dir='ltr'>oikonomiau</span> 
     </span>
     <span class='ocr_line' id='line_1_22' title="bbox 131 2761 1288 2827; baseline -0.002 -1"><span class='ocrx_word' id='word_1_205' title='bbox 131 2761 339 2826; x_wconf 86' lang='lat' dir='ltr'>monarchiae</span> <span class='ocrx_word' id='word_1_206' title='bbox 369 2762 535 2826; x_wconf 85' lang='lat' dir='ltr'>adulantes</span> <span class='ocrx_word' id='word_1_207' title='bbox 562 2782 687 2827; x_wconf 80' lang='lat' dir='ltr'>-non</span> <span class='ocrx_word' id='word_1_208' title='bbox 714 2765 821 2825; x_wconf 87' lang='lat' dir='ltr'>tamen</span> <span class='ocrx_word' id='word_1_209' title='bbox 847 2762 1032 2826; x_wconf 86' lang='lat' dir='ltr'>diuersitate</span> <span class='ocrx_word' id='word_1_210' title='bbox 1061 2763 1157 2825; x_wconf 89' lang='lat' dir='ltr'>aliurn</span> <span class='ocrx_word' id='word_1_211' title='bbox 1187 2761 1288 2825; x_wconf 86' lang='lat' dir='ltr'>hlium</span> 
     </span>
     <span class='ocr_line' id='line_1_23' title="bbox 130 2868 1285 2952; baseline -0.003 -18"><span class='ocrx_word' id='word_1_212' title='bbox 130 2892 151 2934; x_wconf 90' lang='lat' dir='ltr'>a</span> <span class='ocrx_word' id='word_1_213' title='bbox 176 2873 280 2952; x_wconf 82' lang='lat' dir='ltr'>patre,</span> <span class='ocrx_word' id='word_1_214' title='bbox 313 2868 370 2932; x_wconf 89' lang='lat' dir='ltr'>sed</span> <span class='ocrx_word' id='word_1_215' title='bbox 398 2869 632 2945; x_wconf 86' lang='lat' dir='ltr'>distributione,</span> <span class='ocrx_word' id='word_1_216' title='bbox 665 2888 721 2933; x_wconf 91' lang='lat' dir='ltr'>neo</span> <span class='ocrx_word' id='word_1_217' title='bbox 755 2869 910 2933; x_wconf 88' lang='lat' dir='ltr'>diuisione</span> <span class='ocrx_word' id='word_1_218' title='bbox 944 2870 1053 2946; x_wconf 86' lang='lat' dir='ltr'>alium,</span> <span class='ocrx_word' id='word_1_219' title='bbox 1087 2869 1143 2934; x_wconf 89' lang='lat' dir='ltr'>sed</span> <span class='ocrx_word' id='word_1_220' title='bbox 1177 2868 1285 2933; x_wconf 90' lang='lat' dir='ltr'>distin-</span> 
     </span>
     <span class='ocr_line' id='line_1_24' title="bbox 131 2976 1288 3058; baseline -0.003 -17"><span class='ocrx_word' id='word_1_221' title='bbox 131 2978 253 3049; x_wconf 79' lang='lat' dir='ltr'>etione,</span> <span class='ocrx_word' id='word_1_222' title='bbox 283 2976 445 3058; x_wconf 86' lang='lat' dir='ltr'>quianon</span> <span class='ocrx_word' id='word_1_223' title='bbox 475 2976 539 3039; x_wconf 90' lang='lat' dir='ltr'>sint</span> <span class='ocrx_word' id='word_1_224' title='bbox 566 2976 649 3039; x_wconf 86' lang='lat' dir='ltr'>idern</span> <span class='ocrx_word' id='word_1_225' title='bbox 678 2980 769 3058; x_wconf 87' lang='lat' dir='ltr'>pater</span> <span class='ocrx_word' id='word_1_226' title='bbox 796 2976 949 3053; x_wconf 83' lang='lat' dir='ltr'>attilius,</span> <span class='ocrx_word' id='word_1_227' title='bbox 973 2976 1026 3039; x_wconf 90' lang='lat' dir='ltr'>uel</span> <span class='ocrx_word' id='word_1_228' title='bbox 1050 2976 1179 3040; x_wconf 86' lang='lat' dir='ltr'>modulo</span> <span class='ocrx_word' id='word_1_229' title='bbox 1205 2976 1288 3039; x_wconf 85' lang='lat' dir='ltr'>alins</span> 
     </span>
     <span class='ocr_line' id='line_1_25' title="bbox 132 3081 1289 3167; baseline -0.003 -20"><span class='ocrx_word' id='word_1_230' title='bbox 132 3085 175 3147; x_wconf 88' lang='lat' dir='ltr'>ab</span> <span class='ocrx_word' id='word_1_231' title='bbox 199 3083 265 3146; x_wconf 86' lang='lat' dir='ltr'>alio</span> <span class='ocrx_word' id='word_1_232' title='bbox 288 3082 385 3165; x_wconf 85' lang='lat' dir='ltr'>(alii.)</span> <span class='ocrx_word' id='word_1_233' title='bbox 408 3087 498 3167; x_wconf 87' lang='lat' dir='ltr'>pater</span> <span class='ocrx_word' id='word_1_234' title='bbox 520 3083 602 3145; x_wconf 86' lang='lat' dir='ltr'>enirn</span> <span class='ocrx_word' id='word_1_235' title='bbox 627 3086 697 3147; x_wconf 87' lang='lat' dir='ltr'>tota</span> <span class='ocrx_word' id='word_1_236' title='bbox 720 3084 901 3148; x_wconf 86' lang='lat' dir='ltr'>substantia</span> <span class='ocrx_word' id='word_1_237' title='bbox 925 3088 985 3159; x_wconf 87' lang='lat' dir='ltr'>est,</span> <span class='ocrx_word' id='word_1_238' title='bbox 1004 3082 1089 3147; x_wconf 88' lang='lat' dir='ltr'>filius</span> <span class='ocrx_word' id='word_1_239' title='bbox 1108 3102 1184 3147; x_wconf 91' lang='lat' dir='ltr'>uero</span> <span class='ocrx_word' id='word_1_240' title='bbox 1210 3081 1289 3145; x_wconf 81' lang='lat' dir='ltr'>deri-</span> 
     </span>
    </p>
   </div>
   <div class='ocr_carea' id='block_1_3' title="bbox 86 3188 1359 3377">
    <p class='ocr_par' dir='ltr' id='par_1_4' title="bbox 86 3188 1359 3377">
     <span class='ocr_line' id='line_1_26' title="bbox 86 3188 1292 3272; baseline -0.002 -19"><span class='ocrx_word' id='word_1_241' title='bbox 86 3191 226 3254; x_wconf 69' lang='lat' dir='ltr'>2··uatio</span> <span class='ocrx_word' id='word_1_242' title='bbox 264 3190 365 3253; x_wconf 90' lang='lat' dir='ltr'>totius</span> <span class='ocrx_word' id='word_1_243' title='bbox 404 3194 436 3253; x_wconf 89' lang='lat' dir='ltr'>et</span> <span class='ocrx_word' id='word_1_244' title='bbox 473 3189 588 3271; x_wconf 81' lang='lat' dir='ltr'>portio.</span> <span class='ocrx_word' id='word_1_245' title='bbox 625 3189 710 3253; x_wconf 90' lang='lat' dir='ltr'>sicut</span> <span class='ocrx_word' id='word_1_246' title='bbox 741 3191 810 3272; x_wconf 88' lang='lat' dir='ltr'>ipse</span> <span class='ocrx_word' id='word_1_247' title='bbox 843 3190 1024 3271; x_wconf 85' lang='lat' dir='ltr'>profitetur:</span> <span class='ocrx_word' id='word_1_248' title='bbox 1064 3188 1150 3271; x_wconf 90' lang='lat' dir='ltr'>quia</span> <span class='ocrx_word' id='word_1_249' title='bbox 1182 3192 1292 3272; x_wconf 88' lang='lat' dir='ltr'>pater·</span> 
     </span>
     <span class='ocr_line' id='line_1_27' title="bbox 134 3288 1359 3377; baseline -0.002 -17"><span class='ocrx_word' id='word_1_250' title='bbox 134 3297 257 3360; x_wconf 89' lang='lat' dir='ltr'>rnaior</span> <span class='ocrx_word' id='word_1_251' title='bbox 279 3315 334 3359; x_wconf 89' lang='lat' dir='ltr'>me</span> <span class='ocrx_word' id='word_1_252' title='bbox 359 3300 424 3359; x_wconf 88' lang='lat' dir='ltr'>est.</span> <span class='ocrx_word' id='word_1_253' title='bbox 449 3314 467 3357; x_wconf 91' lang='lat' dir='ltr'>a</span> <span class='ocrx_word' id='word_1_254' title='bbox 491 3314 553 3377; x_wconf 86' lang='lat' dir='ltr'>quo</span> <span class='ocrx_word' id='word_1_255' title='bbox 578 3298 610 3360; x_wconf 85' lang='lat' dir='ltr'>et</span> <span class='ocrx_word' id='word_1_256' title='bbox 638 3296 812 3360; x_wconf 87' lang='lat' dir='ltr'>minoratus</span> <span class='ocrx_word' id='word_1_257' title='bbox 839 3296 962 3359; x_wconf 85' lang='lat' dir='ltr'>canitur·</span> <span class='ocrx_word' id='word_1_258' title='bbox 985 3296 1015 3360; x_wconf 93' lang='lat' dir='ltr'>in</span> <span class='ocrx_word' id='word_1_259' title='bbox 1041 3296 1164 3377; x_wconf 87' lang='lat' dir='ltr'>psalmo</span> <span class='ocrx_word' id='word_1_260' title='bbox 1188 3296 1288 3359; x_wconf 90' lang='lat' dir='ltr'>modi·</span> <span class='ocrx_word' id='word_1_261' title='bbox 1354 3288 1359 3303; x_wconf 88' lang='lat'><em>&#39;</em></span> 
     </span>
    </p>
   </div>
   <div class='ocr_carea' id='block_1_4' title="bbox 228 3487 804 3556">
    <p class='ocr_par' dir='ltr' id='par_1_5' title="bbox 228 3487 804 3556">
     <span class='ocr_line' id='line_1_28' title="bbox 228 3487 804 3556; baseline 0.002 -16"><span class='ocrx_word' id='word_1_262' title='bbox 228 3488 275 3555; x_wconf 81' lang='lat' dir='ltr'>ao]</span> <span class='ocrx_word' id='word_1_263' title='bbox 294 3487 352 3541; x_wconf 78' lang='lat' dir='ltr'>ron.</span> <span class='ocrx_word' id='word_1_264' title='bbox 373 3488 415 3545; x_wconf 82' lang='grc' dir='ltr'>ιν,</span> <span class='ocrx_word' id='word_1_265' title='bbox 436 3487 479 3540; x_wconf 73' lang='lat' dir='ltr'>aa.</span> <span class='ocrx_word' id='word_1_266' title='bbox 551 3488 597 3556; x_wconf 72' lang='lat' dir='ltr'>aa]</span> <span class='ocrx_word' id='word_1_267' title='bbox 617 3488 650 3541; x_wconf 66' lang='lat' dir='ltr'>cf.</span> <span class='ocrx_word' id='word_1_268' title='bbox 671 3488 714 3539; x_wconf 80' lang='lat' dir='ltr'>rs.</span> <span class='ocrx_word' id='word_1_269' title='bbox 734 3487 760 3545; x_wconf 83' lang='lat' dir='ltr'>a.</span> <span class='ocrx_word' id='word_1_270' title='bbox 779 3488 804 3541; x_wconf 86' lang='lat' dir='ltr'>o.</span> 
     </span>
    </p>
   </div>
   <div class='ocr_carea' id='block_1_5' title="bbox 131 3610 1291 4391">
    <p class='ocr_par' dir='ltr' id='par_1_6' title="bbox 131 3610 1291 4391">
     <span class='ocr_line' id='line_1_29' title="bbox 171 3610 1291 3681; baseline -0.001 -17"><span class='ocrx_word' id='word_1_271' title='bbox 171 3614 207 3665; x_wconf 82' lang='lat'>12</span> <span class='ocrx_word' id='word_1_272' title='bbox 227 3611 398 3664; x_wconf 86' lang='lat' dir='ltr'>oihonomiae</span> <span class='ocrx_word' id='word_1_273' title='bbox 416 3611 514 3677; x_wconf 75' lang='lat' dir='ltr'><strong><em>PMF,</em></strong></span> <span class='ocrx_word' id='word_1_274' title='bbox 533 3610 681 3681; x_wconf 76' lang='grc' dir='ltr'><strong>οἰκονομίας</strong></span> <span class='ocrx_word' id='word_1_275' title='bbox 699 3612 783 3680; x_wconf 76' lang='lat' dir='ltr'>culpo</span> <span class='ocrx_word' id='word_1_276' title='bbox 854 3613 886 3666; x_wconf 82' lang='lat'>15</span> <span class='ocrx_word' id='word_1_277' title='bbox 906 3611 970 3680; x_wconf 88' lang='lat' dir='ltr'>quid</span> <span class='ocrx_word' id='word_1_278' title='bbox 990 3611 1069 3663; x_wconf 89' lang='lat' dir='ltr'>ruodo</span> <span class='ocrx_word' id='word_1_279' title='bbox 1090 3627 1141 3679; x_wconf 89' lang='lat' dir='ltr'>quo</span> <span class='ocrx_word' id='word_1_280' title='bbox 1162 3610 1241 3664; x_wconf 81' lang='lat' dir='ltr'>niodo</span> <span class='ocrx_word' id='word_1_281' title='bbox 1261 3612 1291 3663; x_wconf 92' lang='lat' dir='ltr'><strong><em>P</em></strong></span> 
     </span>
     <span class='ocr_line' id='line_1_30' title="bbox 133 3700 1287 3769; baseline 0.002 -17"><span class='ocrx_word' id='word_1_282' title='bbox 133 3708 217 3767; x_wconf 70' lang='lat' dir='ltr'>(corr.</span> <span class='ocrx_word' id='word_1_283' title='bbox 240 3700 280 3769; x_wconf 84' lang='lat' dir='ltr'>R)</span> <span class='ocrx_word' id='word_1_284' title='bbox 337 3702 368 3754; x_wconf 82' lang='lat'>16</span> <span class='ocrx_word' id='word_1_285' title='bbox 388 3700 569 3768; x_wconf 80' lang='lat' dir='ltr'>parenthesin</span> <span class='ocrx_word' id='word_1_286' title='bbox 590 3701 731 3754; x_wconf 75' lang='lat' dir='ltr'>indicaui:</span> <span class='ocrx_word' id='word_1_287' title='bbox 754 3700 889 3768; x_wconf 87' lang='lat' dir='ltr'>spiritum.</span> <span class='ocrx_word' id='word_1_288' title='bbox 914 3702 984 3753; x_wconf 83' lang='lat' dir='ltr'>nrale</span> <span class='ocrx_word' id='word_1_289' title='bbox 1003 3700 1101 3768; x_wconf 58' lang='grc' dir='ltr'>παύου,-</span> <span class='ocrx_word' id='word_1_290' title='bbox 1119 3716 1176 3753; x_wconf 74' lang='lat' dir='ltr'>riou</span> <span class='ocrx_word' id='word_1_291' title='bbox 1195 3705 1287 3754; x_wconf 77' lang='lat' dir='ltr'>turrea</span> 
     </span>
     <span class='ocr_line' id='line_1_31' title="bbox 133 3788 1285 3859; baseline -0.003 -15"><span class='ocrx_word' id='word_1_292' title='bbox 133 3792 297 3859; x_wconf 62' lang='lat' dir='ltr'>refraenaret</span> <span class='ocrx_word' id='word_1_293' title='bbox 317 3788 468 3841; x_wconf 80' lang='lat' dir='ltr'>aeciudrrrii</span> <span class='ocrx_word' id='word_1_294' title='bbox 490 3806 523 3841; x_wconf 86' lang='lat' dir='ltr'>ea</span> <span class='ocrx_word' id='word_1_295' title='bbox 545 3804 617 3856; x_wconf 80' lang='lat' dir='ltr'>quae</span> <span class='ocrx_word' id='word_1_296' title='bbox 639 3790 718 3856; x_wconf 78' lang='lat' dir='ltr'>infra</span> <span class='ocrx_word' id='word_1_297' title='bbox 742 3789 884 3857; x_wconf 75' lang='lat' dir='ltr'>teporatur:</span> <span class='ocrx_word' id='word_1_298' title='bbox 906 3806 959 3841; x_wconf 90' lang='lat' dir='ltr'>non</span> <span class='ocrx_word' id='word_1_299' title='bbox 978 3792 1070 3841; x_wconf 86' lang='lat' dir='ltr'>tanreu</span> <span class='ocrx_word' id='word_1_300' title='bbox 1089 3788 1285 3842; x_wconf 88' lang='lat' dir='ltr'>diuersitate—</span> 
     </span>
     <span class='ocr_line' id='line_1_32' title="bbox 133 3877 1289 3947; baseline -0.004 -13"><span class='ocrx_word' id='word_1_301' title='bbox 133 3879 322 3942; x_wconf 87' lang='lat' dir='ltr'>distinctione,</span> <span class='ocrx_word' id='word_1_302' title='bbox 340 3895 411 3947; x_wconf 82' lang='lat' dir='ltr'>quaa</span> <span class='ocrx_word' id='word_1_303' title='bbox 430 3877 508 3931; x_wconf 82' lang='lat' dir='ltr'>haud</span> <span class='ocrx_word' id='word_1_304' title='bbox 525 3881 581 3933; x_wconf 84' lang='lat' dir='ltr'>scio</span> <span class='ocrx_word' id='word_1_305' title='bbox 601 3896 640 3931; x_wconf 83' lang='lat' dir='ltr'>au</span> <span class='ocrx_word' id='word_1_306' title='bbox 653 3880 735 3947; x_wconf 84' lang='lat' dir='ltr'>prior</span> <span class='ocrx_word' id='word_1_307' title='bbox 754 3880 876 3932; x_wconf 82' lang='lat' dir='ltr'>auctoris</span> <span class='ocrx_word' id='word_1_308' title='bbox 889 3896 989 3931; x_wconf 79' lang='lat' dir='ltr'>munus</span> <span class='ocrx_word' id='word_1_309' title='bbox 1002 3878 1058 3931; x_wconf 81' lang='lat' dir='ltr'>siut</span> <span class='ocrx_word' id='word_1_310' title='bbox 1131 3878 1230 3947; x_wconf 83' lang='lat' dir='ltr'>accipit</span> <span class='ocrx_word' id='word_1_311' title='bbox 1244 3878 1289 3945; x_wconf 74' lang='lat' dir='ltr'>M,</span> 
     </span>
     <span class='ocr_line' id='line_1_33' title="bbox 133 3966 1286 4037; baseline -0.002 -16"><span class='ocrx_word' id='word_1_312' title='bbox 133 3970 243 4037; x_wconf 76' lang='lat' dir='ltr'>acecpit</span> <span class='ocrx_word' id='word_1_313' title='bbox 260 3966 409 4037; x_wconf 76' lang='lat' dir='ltr'>PFuulpo</span> <span class='ocrx_word' id='word_1_314' title='bbox 465 3968 497 4020; x_wconf 82' lang='lat'>18</span> <span class='ocrx_word' id='word_1_315' title='bbox 517 3968 663 4036; x_wconf 86' lang='lat' dir='ltr'>portendat</span> <span class='ocrx_word' id='word_1_316' title='bbox 681 3968 740 4021; x_wconf 78' lang='lat' dir='ltr'>Ina</span> <span class='ocrx_word' id='word_1_317' title='bbox 800 3970 834 4021; x_wconf 82' lang='lat'>19</span> <span class='ocrx_word' id='word_1_318' title='bbox 853 3970 964 4036; x_wconf 87' lang='lat' dir='ltr'>spiritus</span> <span class='ocrx_word' id='word_1_319' title='bbox 983 3968 1069 4020; x_wconf 87' lang='lat' dir='ltr'>sancti</span> <span class='ocrx_word' id='word_1_320' title='bbox 1088 3966 1155 4032; x_wconf 76' lang='lat' dir='ltr'>PM,</span> <span class='ocrx_word' id='word_1_321' title='bbox 1175 3967 1286 4035; x_wconf 87' lang='lat' dir='ltr'>spiritus</span> 
     </span>
     <span class='ocr_line' id='line_1_34' title="bbox 131 4055 1287 4127; baseline -0.005 -16"><span class='ocrx_word' id='word_1_322' title='bbox 131 4058 191 4111; x_wconf 81' lang='lat' dir='ltr'>FB</span> <span class='ocrx_word' id='word_1_323' title='bbox 200 4057 286 4124; x_wconf 71' lang='lat' dir='ltr'>culpo</span> <span class='ocrx_word' id='word_1_324' title='bbox 341 4056 376 4109; x_wconf 84' lang='lat'>20</span> <span class='ocrx_word' id='word_1_325' title='bbox 405 4056 576 4109; x_wconf 83' lang='lat' dir='ltr'>nihonornian</span> <span class='ocrx_word' id='word_1_326' title='bbox 597 4056 692 4124; x_wconf 67' lang='lat' dir='ltr'>Phffl</span> <span class='ocrx_word' id='word_1_327' title='bbox 721 4056 869 4127; x_wconf 72' lang='grc' dir='ltr'><strong>οἰκονομίαν</strong></span> <span class='ocrx_word' id='word_1_328' title='bbox 896 4057 981 4124; x_wconf 71' lang='lat' dir='ltr'>culpo</span> <span class='ocrx_word' id='word_1_329' title='bbox 1036 4056 1070 4108; x_wconf 81' lang='lat'>‘23</span> <span class='ocrx_word' id='word_1_330' title='bbox 1098 4055 1152 4108; x_wconf 88' lang='lat' dir='ltr'>sint</span> <span class='ocrx_word' id='word_1_331' title='bbox 1175 4056 1287 4122; x_wconf 83' lang='lat' dir='ltr'>scripsi:</span> 
     </span>
     <span class='ocr_line' id='line_1_35' title="bbox 133 4142 1290 4213; baseline 0 -15"><span class='ocrx_word' id='word_1_332' title='bbox 133 4149 171 4200; x_wconf 67' lang='lat' dir='ltr'>rit</span> <span class='ocrx_word' id='word_1_333' title='bbox 188 4144 283 4199; x_wconf 74' lang='lat' dir='ltr'>PMF</span> <span class='ocrx_word' id='word_1_334' title='bbox 330 4145 366 4197; x_wconf 82' lang='grc'>24</span> <span class='ocrx_word' id='word_1_335' title='bbox 389 4142 435 4197; x_wconf 93' lang='lat' dir='ltr'>alii</span> <span class='ocrx_word' id='word_1_336' title='bbox 455 4144 555 4198; x_wconf 77' lang='lat' dir='ltr'>addidi</span> <span class='ocrx_word' id='word_1_337' title='bbox 574 4145 722 4211; x_wconf 76' lang='lat' dir='ltr'>(inteliepcr</span> <span class='ocrx_word' id='word_1_338' title='bbox 740 4146 840 4213; x_wconf 76' lang='lat' dir='ltr'>quippe</span> <span class='ocrx_word' id='word_1_339' title='bbox 858 4146 906 4212; x_wconf 77' lang='lat' dir='ltr'>qui</span> <span class='ocrx_word' id='word_1_340' title='bbox 924 4145 1005 4197; x_wconf 82' lang='lat' dir='ltr'>eh&#39;om</span> <span class='ocrx_word' id='word_1_341' title='bbox 1026 4144 1135 4197; x_wconf 81' lang='lat' dir='ltr'>rrroduio</span> <span class='ocrx_word' id='word_1_342' title='bbox 1156 4145 1231 4197; x_wconf 78' lang='lat' dir='ltr'>uliae</span> <span class='ocrx_word' id='word_1_343' title='bbox 1251 4146 1290 4198; x_wconf 80' lang='lat' dir='ltr'>uh</span> 
     </span>
     <span class='ocr_line' id='line_1_36' title="bbox 135 4232 1277 4301; baseline 0.002 -16"><span class='ocrx_word' id='word_1_344' title='bbox 135 4236 194 4289; x_wconf 64' lang='lat' dir='ltr'>aiio</span> <span class='ocrx_word' id='word_1_345' title='bbox 209 4234 316 4287; x_wconf 78' lang='lat' dir='ltr'>dirrcrsi</span> <span class='ocrx_word' id='word_1_346' title='bbox 329 4234 396 4301; x_wconf 80' lang='lat' dir='ltr'>rint)</span> <span class='ocrx_word' id='word_1_347' title='bbox 452 4234 486 4288; x_wconf 82' lang='grc'>26</span> <span class='ocrx_word' id='word_1_348' title='bbox 500 4233 650 4287; x_wconf 86' lang='lat' dir='ltr'>minoratus</span> <span class='ocrx_word' id='word_1_349' title='bbox 665 4234 712 4301; x_wconf 62' lang='lat' dir='ltr'>Iti,</span> <span class='ocrx_word' id='word_1_350' title='bbox 725 4236 812 4287; x_wconf 88' lang='lat' dir='ltr'>minor</span> <span class='ocrx_word' id='word_1_351' title='bbox 827 4240 893 4286; x_wconf 85' lang='lat' dir='ltr'>natu</span> <span class='ocrx_word' id='word_1_352' title='bbox 909 4232 1035 4288; x_wconf 60' lang='grc' dir='ltr'>ΡΜΙΓΗ1</span> <span class='ocrx_word' id='word_1_353' title='bbox 1090 4232 1277 4287; x_wconf 78' lang='lat' dir='ltr'>ruodicunrii³</span> 
     </span>
     <span class='ocr_line' id='line_1_37' title="bbox 135 4320 505 4391; baseline -0.005 -15"><span class='ocrx_word' id='word_1_354' title='bbox 135 4322 244 4376; x_wconf 87' lang='lat' dir='ltr'>modico</span> <span class='ocrx_word' id='word_1_355' title='bbox 265 4320 313 4391; x_wconf 59' lang='lat'>12¹,</span> <span class='ocrx_word' id='word_1_356' title='bbox 334 4320 394 4375; x_wconf 90' lang='lat' dir='ltr'>dico</span> <span class='ocrx_word' id='word_1_357' title='bbox 415 4322 505 4375; x_wconf 71' lang='lat' dir='ltr'>Paro·</span> 
     </span>
    </p>
   </div>
   <div class='ocr_carea' id='block_1_6' title="bbox 0 0 1632 4959">
    <p class='ocr_par' dir='ltr' id='par_1_7' title="bbox 0 0 1632 4959">
     <span class='ocr_line' id='line_1_38' title="bbox 0 0 1632 4959; baseline 0 0"><span class='ocrx_word' id='word_1_358' title='bbox 0 0 1632 4959; x_wconf 95' lang='lat' dir='ltr'> </span> 
     </span>
    </p>
   </div>
  </div>
 </body>
</html>
