3250 4959
310 367 372 428 102
542 364 660 430 Quinti
680 366 823 434 Septimi
842 366 1014 420 Florentia
1034 367 1241 422 Tertulliani

309 559 453 622 habitum
475 557 591 623 Christi
613 563 772 624 sectemur
791 578 827 624 en
847 559 1014 644 disciplina
1030 565 1063 625 et
1076 561 1143 626 illic
1162 562 1329 646 fastigium
1349 582 1457 628 conse-

310 683 444 747 quamur
474 684 510 730 ex
540 665 654 750 gloria:
685 666 787 730 siout
813 667 1054 747 portauimus
1087 669 1288 753 imaginem
1321 669 1455 745 choici,

309 775 502 852 portemus
538 774 650 837 etiam
683 773 887 856 imaginem
918 776 1227 857 supercaelestis,
1257 776 1455 858 portauimus

310 879 394 942 enim
417 879 588 962 imaginem
613 879 713 944 choici
740 899 795 963 per
819 881 991 964 collegium
1014 882 1288 965 transgressionis,
1312 902 1369 966 per
1386 901 1456 946 con·

310 985 441 1050 sortium
474 986 595 1062 mertia,
619 1005 675 1068 per
699 986 827 1050 erilium
851 987 1000 1068 paradisi.
1031 1007 1102 1052 nam
1128 989 1156 1052 si
1178 991 1211 1052 et
1231 989 1263 1054 iu
1288 1007 1379 1054 came
1407 989 1457 1053 hic
1489 1014 1504 1053 s

309 1096 454 1176 portatur
476 1092 581 1176 imago
605 1092 701 1170 Adae,
727 1092 868 1158 sednon
893 1111 1018 1157 carnem
1047 1113 1213 1159 monemur
1236 1114 1400 1178 exponens:
1429 1094 1457 1158 si

309 1219 368 1264 non
408 1218 543 1275 carnem,
582 1217 655 1282 ergo
695 1199 980 1276 comessationem,
1014 1203 1051 1264 ut
1082 1201 1213 1283 proinde
1244 1207 1277 1265 et
1309 1200 1456 1266 caelestis

308 1305 479 1390 imaginem
509 1309 672 1390 gestemus
702 1305 733 1368 in
762 1305 865 1382 nobis,
894 1325 954 1370 non
979 1305 1042 1370 iam
1071 1307 1121 1371 dei
1144 1326 1202 1372 nec
1225 1307 1287 1370 iam
1315 1307 1457 1372 incaelo

310 1411 485 1490 constituti,
525 1411 581 1476 sed
619 1411 792 1476 secundum
831 1411 1015 1476 liniamenta
1052 1411 1171 1478 Christi
1207 1413 1388 1478 incedentes
1424 1413 1456 1477 in

309 1520 476 1583 sanctitate
506 1522 537 1582 et
565 1518 688 1582 iustitia
718 1521 749 1582 et
782 1519 928 1587 ueritate.
962 1522 1058 1599 atque
1085 1519 1162 1584 adeo
1191 1521 1230 1583 ad
1260 1520 1457 1603 disciplinam
1475 1547 1503 1585 ro

308 1628 413 1690 toturn
441 1624 501 1688 hoc
530 1623 648 1708 dirigit,
678 1626 715 1687 ut
737 1623 788 1687 hic
814 1624 899 1687 dicat
927 1623 1114 1706 portandam
1140 1624 1310 1708 imaginem
1340 1625 1457 1692 Christi

308 1733 338 1794 in
363 1731 425 1796 ista
454 1751 544 1796 carne
573 1735 606 1794 et
632 1731 664 1794 in
692 1731 754 1794 isto
779 1735 922 1812 tempore
946 1729 1142 1813 disciplinae.
1166 1737 1351 1813 ‘portemus'
1375 1732 1456 1796 enim

308 1839 509 1921 praeceptiuo
535 1837 627 1903 modo
653 1837 759 1901 dicens
784 1837 860 1902 huic
882 1837 1019 1920 tempori
1042 1837 1195 1919 loquitur,
1219 1837 1250 1902 in
1274 1857 1337 1920 quo
1362 1838 1457 1902 homo

309 1945 397 2008 nulla
420 1944 482 2008 alia
506 1944 685 2009 substantia
708 1948 758 2008 ost
782 1963 876 2026 quam
902 1963 974 2008 cero
994 1947 1027 2007 et
1050 1943 1163 2008 anima.
1189 1947 1245 2008 aut
1273 1945 1334 2008 etsi
1363 1963 1457 2028 quam

309 2050 414 2129 uliam,
443 2050 476 2113 id
505 2055 555 2115 est
578 2050 759 2126 caelestem,
788 2050 1003 2115 substantiam
1030 2051 1108 2114 haec
1136 2049 1216 2115 fides
1244 2055 1378 2134 spectat,
1405 2050 1457 2114 hic
1476 2079 1502 2118 rs

309 2163 413 2220 tamen
442 2156 633 2239 repromissa
662 2157 704 2220 sit
734 2157 784 2222 oui
808 2157 847 2220 ad
875 2157 963 2220 illam
993 2157 1151 2222 elaborare
1178 2157 1355 2222 mandatur.
1385 2176 1456 2221 cum

309 2264 409 2347 igitur
432 2263 603 2346 imaginem
623 2266 655 2328 et
679 2264 781 2327 choici
806 2267 837 2327 et
861 2263 1008 2327 caelestis
1028 2263 1059 2326 in
1080 2264 1319 2328 conuersatione
1343 2263 1457 2328 consti·

309 2373 390 2447 tuat,
415 2369 502 2434 illam
524 2369 711 2446 eierandam,
735 2369 816 2434 hanc
840 2388 914 2433 uero
935 2369 1128 2445 sectandam,
1153 2369 1266 2433 dehinc
1290 2369 1455 2454 adiungat:

309 2477 377 2541 hoc
403 2477 497 2541 enim
523 2476 617 2553 dico,
643 2513 684 2524 -
704 2477 737 2540 id
761 2481 811 2542 est
833 2481 1028 2561 propterea,
1049 2497 1130 2559 quae
1150 2497 1244 2560 supra
1264 2477 1342 2554 dixi3
1366 2497 1457 2560 prop-

310 2589 396 2647 terea
424 2587 530 2648 autern
558 2583 738 2648 coniunctio
768 2589 817 2648 est
846 2603 959 2648 sensus
988 2585 1244 2666 supplementum
1273 2583 1502 2652 antecedens»

310 2689 397 2752 tibus
416 2687 549 2752 reddens
571 2727 612 2734 -
632 2689 729 2770 quod
756 2707 841 2754 caro
867 2693 903 2754 et
926 2689 1082 2773 sanguis
1105 2707 1252 2773 regnum
1277 2688 1335 2753 dei
1357 2689 1456 2754 hero·

312 2795 430 2860 ditate
454 2796 650 2878 possidere
669 2815 737 2860 non
758 2800 929 2879 possunt,
953 2796 1033 2860 nihil
1057 2795 1144 2859 aliud
1167 2795 1309 2878 intellegi
1327 2795 1459 2859 mandat

312 2921 434 2966 carnem
463 2907 495 2966 et
523 2904 709 2986 sangninem
739 2923 834 2985 qnam
862 2923 957 2985 supra
989 2903 1107 2966 dictam
1139 2903 1309 2986 imaginem
1343 2901 1454 2966 choici.

312 3028 390 3092 quae
411 3010 438 3072 si
455 3010 487 3073 in
508 3011 746 3075 conuersatione
762 3017 910 3075 censetur
929 3010 1112 3085 uetustatis
1132 3009 1330 3074 conuersatio
1350 3013 1455 3072 autem

311 3115 483 3180 uetustatis
506 3135 567 3180 non
592 3117 676 3200 capit
700 3117 751 3180 dei
769 3136 914 3201 regnum,
937 3116 1068 3198 proinde
1093 3133 1164 3180 caro
1188 3119 1221 3179 et
1244 3115 1373 3198 sanguis
1397 3133 1456 3178 non
1475 3143 1501 3184 ra

401 3375 539 3446 ar1cor.
561 3379 602 3442 ra,
621 3378 665 3430 oo.
721 3375 999 3445 erecnpnaae.
1051 3372 1326 3444 roperapuser.
1384 3371 1456 3440 1911

312 3467 371 3519 cor.
393 3467 433 3528 15,
454 3467 497 3520 ao.

348 3642 363 3694 2
384 3641 576 3694 choici-eninr
598 3657 648 3694 om.
668 3641 695 3692 P
712 3639 788 3706 (cdd.
808 3641 836 3695 R
854 3657 887 3694 ec
905 3639 1113 3706 Hirsaapicasi)
1169 3639 1185 3691 5
1205 3638 1228 3690 si
1247 3642 1276 3690 et
1288 3635 1385 3696 PMF.
1406 3636 1457 3690 etsi

311 3731 367 3799 Rip
438 3731 482 3784 hic
505 3735 628 3799 portatur
655 3729 721 3782 Urs:
744 3730 781 3783 sic
805 3733 918 3799 putatur
940 3727 1031 3782 PMF
1093 3723 1457 3792 metaphrastes!

314 3821 345 3874 15
360 3819 404 3871 hic
418 3819 530 3886 scripsi:
543 3817 606 3872 huic
620 3818 711 3872 PMF
763 3819 796 3872 16
811 3818 949 3872 elaborare
962 3818 998 3883 P,
1014 3821 1042 3871 et
1055 3816 1178 3871 laborare
1193 3815 1257 3869 ΜΓ
1306 3816 1339 3870 18
1354 3815 1455 3869 eieras-

313 3908 372 3960 dam
392 3907 472 3975 Brrrp:
493 3905 638 3974 gerendam
653 3907 695 3966 M.
716 3906 860 3976 gerendam
875 3907 931 3959 PF
1000 3905 1133 3974 adiungat
1149 3905 1212 3959 cer.-
1229 3903 1356 3974 adiungit
1368 3903 1459 3958 1>an

315 3997 346 4049 19
362 4012 430 4063 qnae
453 3995 516 4049 θεῖε
537 4013 675 4066 quaequae
695 3996 785 4050 PMF
855 4000 998 4066 propterea
1017 3995 1193 4058 decrescet,
1212 4011 1290 4062 quma
1306 4001 1459 4064 recreantur

308 4085 471 4152 posteriores
526 4085 560 4138 20
579 4091 669 4138 antem
690 4086 844 4138 coniunctio
865 4091 906 4138 est
923 4086 1035 4151 scripsi:
1050 4085 1204 4138 coniunctio
1220 4089 1262 4136 est
1276 4084 1346 4137 enim
1362 4082 1457 4146 PMF,

313 4172 466 4226 coniunctio
485 4179 534 4226 est.
552 4175 635 4242 (est)
653 4174 723 4226 enim
741 4174 791 4228 θεῖ
846 4175 880 4226 24
900 4174 1069 4228 conuersatio
1090 4178 1180 4226 autern
1199 4173 1346 4227 uetustatis
1365 4189 1416 4226 om.
1430 4171 1461 4224 F

314 4262 347 4315 ‘25
367 4262 440 4331 capit
459 4261 546 4326 PGel,
568 4263 659 4332 capiat
677 4261 767 4316 MFR
