3250 4959
385 415 444 470 Vll.
464 415 631 468 Aduersus
650 415 849 469 Marcionem
868 413 916 471 lib.
935 413 1053 468 111122.
1229 414 1294 481 495

142 628 215 674 uos
240 629 307 675 eos
332 610 471 686 iaciat,
495 610 565 692 ipse
593 611 657 675 iam
685 609 869 692 praedicans
898 613 934 675 et
958 609 1099 693 implens
1127 610 1295 696 legemet

139 716 321 799 prophetas.
339 716 471 780 ¹traditit
492 716 593 800 igitur
615 719 706 799 pater
728 716 794 782 filio
820 716 997 801 discipulos
1019 734 1133 795 nouos,
1154 717 1293 782 ostensis

140 823 230 905 prius
254 841 327 888 cunr
350 822 407 888 illo
424 823 537 906 Moyse
560 829 593 888 et
611 822 706 889 Helia
723 824 756 888 in
781 824 936 890 claritatis
955 823 1178 908 praerogatiua
1196 814 1293 907 etune
1402 862 1405 868 ,

139 929 186 994 ita
209 929 362 1008 dimissis,
387 929 478 1012 quasi
499 931 564 996 iam
587 935 619 995 et
642 931 747 996 officio
771 935 804 996 et
827 932 944 998 honore
963 930 1153 1014 dispunctis,
1173 933 1211 993 ut
1229 929 1291 995 hoc

103 1053 121 1093 a
143 1035 250 1118 ipsum
270 1033 509 1101 confirmaretur
525 1039 655 1120 propter
672 1036 876 1115 Marcionem,
897 1036 1084 1101 societatem
1105 1054 1175 1102 esse
1195 1037 1292 1101 etiam

141 1142 296 1208 claritatis
320 1141 440 1208 (lhristi
463 1137 672 1226 cum'Moyse
697 1146 729 1208 et
755 1144 857 1209 Helia.
884 1147 990 1208 totum
1014 1147 1121 1208 autem
1142 1143 1290 1208 habitum

140 1249 278 1315 cisionis
299 1250 397 1316 istius
420 1250 575 1314 habemus
604 1251 700 1316 otiam
730 1250 816 1333 apud
838 1251 978 1327 Abacuc,
1008 1249 1063 1314 ubi
1092 1249 1226 1332 spiritus
1255 1269 1293 1315 ex

139 1376 275 1442 persona
296 1356 457 1422 interdum
480 1356 712 1439 apostolorum:
743 1355 909 1438 domine,
934 1355 1076 1421 audini
1104 1356 1292 1420 anditum

140 1471 185 1528 tu
196 1484 255 1529 nm
275 1468 314 1528 et
332 1464 499 1528 extimui
515 1501 557 1512 -
573 1482 668 1546 quem
686 1464 789 1547 magis
807 1481 902 1547 quam
916 1463 1007 1529 nocis
1022 1463 1171 1528 caelestis
1185 1462 1290 1528 illius:

93 1587 122 1629 ro
142 1571 203 1635 hic
220 1573 280 1636 est
292 1569 401 1636 filius
416 1589 520 1634 meus
533 1570 820 1652 dilectus,hunc
836 1569 1292 1635 auditei-coneideraui

143 1696 293 1761 operam
312 1681 413 1742 tuam
432 1677 501 1760 (et)
520 1677 642 1741 excidi
662 1675 974 1760 mente—qnando
989 1677 1093 1759 magis
1107 1694 1203 1758 quam
1218 1665 1291 1740 curn

140 1785 214 1849 uisa
237 1785 381 1850 claritate
405 1784 474 1848 eius
498 1785 613 1849 nesciit
641 1784 717 1866 quid
744 1783 866 1848 diceret
887 1783 1025 1847 Petrus?
1043 1819 1087 1830 -
1106 1782 1142 1846 in
1165 1781 1290 1848 medio

142 1890 299 1956 duorum
337 1890 555 1957 animalium
589 1890 847 1976 cognosceris,
882 1890 988 1971 Moysi
1021 1891 1055 1953 et
1089 1887 1213 1965 Heliae,
1250 1887 1290 1953 de

141 1998 258 2081 quibus
279 2001 311 2062 et
329 1998 497 2063 Zacharias
516 1998 600 2062 uidit
617 1998 649 2061 in
669 1997 771 2083 figura
790 1996 922 2062 duarum
942 1996 1085 2062 olearum
1104 1997 1138 2060 et
1155 1995 1290 2060 duorum

92 2121 122 2161 ιε
141 2104 336 2169 ramulorum
369 2107 467 2171 oleae.
499 2123 571 2170 narn
604 2105 638 2169 hi
671 2107 755 2182 sunt,
794 2103 833 2168 de
866 2103 982 2187 quibus
1006 2102 1129 2168 dictum
1152 2105 1202 2166 est
1224 2101 1289 2166 illi:

143 2210 212 2274 dno
231 2210 310 2276 filii
325 2210 542 2295 opimitatis
558 2211 753 2276 adsistunt
767 2210 914 2276 domino
929 2209 1136 2274 uniuersae
1154 2210 1288 2273 terrae.

143 2319 175 2381 et
189 2335 298 2382 rursus
317 2317 403 2381 idom
420 2316 564 2382 Abacuc:
580 2317 734 2399 operuit
753 2317 879 2381 caelos
897 2316 1036 2393 uirtus,
1051 2315 1164 2397 utique
1176 2313 1288 2378 nubilo

142 2423 209 2501 illo,
229 2428 265 2488 et
280 2423 457 2507 splendor
475 2424 560 2489 eius
582 2429 621 2488 nt
635 2425 696 2488 lux
715 2424 799 2502 erit,
820 2423 933 2506 ntique
952 2442 1015 2505 qua
1032 2421 1130 2486 etiam
1148 2421 1288 2486 uestitus

142 2531 212 2596 eius
238 2530 376 2597 refulsit.
410 2534 441 2598 et
468 2531 497 2596 si
525 2549 809 2597 commemoremur
835 2529 1058 2613 promissionis
1086 2527 1203 2611 Moysi,
1236 2527 1289 2592 hic

92 2653 123 2694 ao
140 2637 323 2703 inuenietur
337 2642 499 2720 expuncta.
519 2657 592 2703 oum
611 2638 695 2702 euim
714 2637 928 2703 desiderasset
945 2639 1151 2719 conspectum
1166 2633 1290 2699 domini

140 2744 269 2828 Moyses
294 2746 418 2812 dicens:
442 2745 474 2811 si
498 2763 585 2830 ergo
609 2745 741 2810 inueni
765 2745 930 2830 gratiam
958 2761 1082 2808 coram
1100 2745 1150 2819 te,
1173 2741 1288 2805 mani-

141 2852 242 2917 festa
264 2851 358 2918 mihi
381 2855 430 2930 te,
454 2854 495 2918 ut
515 2853 788 2936 cognoscenter
807 2850 957 2915 uideam
978 2852 1025 2927 te,
1045 2869 1121 2914 eum
1138 2866 1288 2931 conspec-

139 2964 211 3025 tum
233 2959 426 3038 desiderans,
449 2960 481 3024 in
505 2979 567 3042 quo
586 2957 749 3024 hominem
767 2960 855 3024 esset
871 2959 1011 3034 acturus,
1031 2955 1117 3038 quod
1133 2954 1289 3038 propheta

141 3068 274 3148 sciebat,
298 3105 340 3115 -
364 3071 506 3134 ceterum
531 3067 588 3131 dei
612 3066 758 3143 facicm,
781 3065 846 3129 iam
870 3063 1022 3138 andierat,
1046 3080 1152 3128 nemo
1180 3061 1288 3126 homo

91 3174 292 3240 eciderit
314 3178 352 3240 et
381 3175 605 3240 uiuet--et
633 3172 741 3250 hunc,
774 3170 890 3254 inquit,
923 3187 1144 3244 sermonem,
1177 3185 1287 3250 quem

142 3281 284 3362 dixisti,
317 3281 452 3346 iaciarn
486 3281 568 3346 tibi.
608 3283 640 3345 ot
672 3298 783 3345 rursus
817 3277 962 3362 Moyses:
1001 3274 1160 3342 ostende
1192 3271 1287 3337 milri

232 3542 536 3614 1]of.Matth.c,17.
573 3539 894 3610 8-13]Hao.3,1-2.
931 3539 977 3608 10]
990 3537 1056 3595 Luc.
1070 3539 1098 3604 9,
1110 3536 1155 3592 35.
1192 3533 1286 3604 14101.

140 3634 222 3689 Zach.
239 3635 266 3702 4,
284 3633 310 3688 3.
366 3631 555 3703 roncone,
576 3632 617 3686 14.
674 3630 718 3700 17]
738 3629 809 3683 Hal).
828 3630 855 3698 3,
874 3629 954 3683 3-4.
1008 3627 1055 3696 21]
1074 3624 1223 3694 modae,
1243 3622 1286 3677 13.

140 3723 188 3792 24]
207 3722 293 3777 Exod.
311 3723 355 3792 33,
374 3721 417 3780 20.
471 3721 517 3790 25]
537 3719 619 3775 Exod.
640 3720 683 3785 33,
704 3719 746 3774 17.
799 3717 847 3788 26]
867 3716 949 3772 mod.
967 3717 1012 3780 33,
1033 3715 1074 3770 18.

179 3863 297 3918 licciet
313 3861 383 3926 MR,
402 3863 469 3917 fecit
486 3862 558 3916 Pam
612 3863 725 3930 liquem
745 3859 793 3923 12³,
812 3876 892 3929 quam
911 3856 987 3912 MR¹
1058 3855 1134 3909 nocie
1150 3853 1188 3921 R,
1205 3867 1288 3906 uoces

139 3949 206 4008 ΜΡ
259 3954 289 4007 11
310 3968 418 4019 operam
435 3955 511 4005 tuam
530 3949 600 4018 MR,
619 3967 700 4020 opera
718 3953 767 4002 tua
784 3949 859 4002 Pom
927 3949 996 4014 <et>
1012 3943 1099 4000 excidi
1112 3944 1182 4012 Rip:
1200 3940 1287 3994 excidi

139 4041 176 4104 R,
196 4040 288 4095 excedi
306 4041 345 4095 M
378 4041 410 4094 11
429 4055 520 4094 rursus
539 4039 581 4107 M,
600 4053 703 4092 rursum
722 4037 843 4108 Recipe
883 4037 915 4090 21
937 4052 1001 4105 ergo
1020 4052 1071 4089 om.
1091 4032 1130 4087 11ι
1166 4032 1201 4086 22
1219 4029 1287 4084 milri

139 4137 169 4185 te
187 4130 256 4200 ΜΡ,
275 4133 304 4185 te
322 4129 390 4184 mihi
408 4129 529 4200 erlpc
628 4128 663 4182 24
677 4128 859 4196 parenthesin
876 4125 1017 4179 iorde'ecea':
1035 4123 1146 4178 sciebat
1166 4123 1287 4176 ceterum

138 4221 226 4290 culpo
294 4218 367 4288 <de>
384 4217 428 4272 dei
445 4218 515 4272 facio
537 4217 666 4272 Oedlerue
737 4217 835 4270 faeiem
852 4215 907 4270 iam
925 4213 1011 4283 culpo
1064 4213 1100 4266 25
1118 4209 1225 4265 uidebit
1242 4209 1286 4274 M,

139 4307 248 4363 uidebit
264 4324 308 4364 me
326 4308 354 4364 R
372 4307 472 4375 reliqui
486 4312 598 4376 praeter
616 4306 671 4375 Rip
742 4306 832 4375 inquit
849 4305 909 4358 scil.
929 4303 996 4357 deus
