3250 4959
320 418 385 480 300
546 413 662 478 Quinti
683 412 824 483 Septimi
846 413 1015 468 Florentia
1035 411 1240 466 Tertulliani

365 607 393 670 8.
417 606 534 682 Primo,
559 606 728 688 supercilio
753 609 916 689 stuporem
945 624 1037 671 suum
1063 605 1229 670 aedificant
1251 607 1467 680 Marcionitae,

319 713 405 795 quod
437 733 555 778 nouum
585 713 679 777 deum
707 712 876 795 proterant,
911 713 1003 796 quasi
1031 730 1087 777 nos
1119 713 1236 776 ueteris
1265 713 1315 776 dei
1338 711 1466 795 pudeat.

319 819 467 883 inflantur
490 822 523 884 et
545 821 635 902 pueri
664 819 756 883 nouis
781 819 908 896 calceis,
937 819 994 883 sed
1017 839 1035 882 a
1058 827 1166 883 uetere
1193 819 1377 903 paedagogo
1406 820 1465 882 eal·

319 926 401 990 oeati
424 945 496 990 mox
518 945 634 989 uanam
662 926 794 1009 gloriam
823 926 1032 1007 uapulabunt.
1062 943 1181 989 nouum
1208 924 1308 1007 igitur
1336 925 1464 990 audieus

320 1033 425 1110 deum,
449 1032 481 1096 in
505 1034 613 1096 uetere
640 1032 757 1095 mundo
787 1035 819 1096 et
841 1032 873 1095 in
904 1035 1010 1096 uetere
1035 1051 1113 1096 aeuo
1138 1035 1169 1095 et
1193 1031 1253 1095 sub
1278 1036 1386 1096 uetere
1409 1031 1463 1096 deo
1493 1054 1504 1090 a
1598 1079 1599 1114 p

316 1139 463 1232 ignotum
496 1138 685 1216 inauditum,
715 1157 820 1220 quem,
849 1140 947 1204 tantis
971 1145 1054 1203 retro
1085 1137 1221 1203 saeculis
1252 1137 1411 1202 neminem
1435 1141 1464 1201 et

317 1247 388 1327 ipsa
414 1246 593 1330 ignorantia
621 1246 798 1327 antiquum,
829 1245 956 1326 quidam
984 1247 1075 1310 lesus
1106 1245 1263 1317 Christus,
1292 1248 1326 1309 et
1353 1244 1406 1309 ille
1433 1245 1461 1306 in

318 1353 482 1416 ueteribus
515 1351 697 1415 nominibus
729 1370 842 1430 nouus,
879 1351 1078 1427 reuelauerit‚
1116 1371 1174 1416 neo
1207 1351 1290 1415 alius
1324 1352 1461 1424 antehac

318 1459 437 1542 gratias
451 1477 511 1541 ago
526 1457 602 1521 huic
621 1457 740 1540 gloriae
760 1477 881 1534 eorum,
901 1459 1036 1523 marimo
1057 1457 1215 1523 adiutorio
1230 1459 1301 1522 eius
1317 1458 1389 1522 irinc
1404 1459 1462 1522 iam

319 1565 475 1629 haeresim
504 1564 705 1645 probaturae,
734 1583 834 1629 nouae
863 1565 987 1629 seilicet
1019 1564 1197 1629 diuinitatis
1224 1563 1461 1648 professionem.
1479 1585 1502 1624 ro

317 1670 394 1735 haec
426 1671 486 1734 erit
518 1671 653 1748 nouitas,
691 1691 772 1753 quae
805 1673 901 1735 etiam
939 1670 1073 1735 ethnicis
1111 1671 1187 1735 deos
1220 1671 1345 1755 peperit
1382 1689 1460 1735 nouo

318 1796 442 1859 semper
474 1796 510 1841 ao
541 1796 625 1841 nouo
658 1777 754 1841 titulo
792 1779 1038 1842 consecrationis
1072 1777 1238 1861 cuiusque.
1276 1778 1348 1860 quis
1386 1776 1459 1840 deus

317 1903 420 1948 nouus
439 1885 502 1947 nisi
520 1883 643 1948 falsus?
666 1904 704 1948 ne
724 1884 896 1950 Saturnum
917 1885 1044 1966 quidem
1065 1887 1153 1949 tanta
1176 1884 1270 1950 hodio
1290 1884 1459 1966 antiquitas

317 1989 411 2054 deum
439 1989 595 2071 probabit,
628 1991 702 2072 quia
731 1994 763 2055 et
790 1991 883 2055 illum
911 1992 1036 2056 nouitas
1070 1990 1239 2073 aliquando
1273 1990 1460 2074 produxerit

318 2115 390 2160 cum
419 2097 556 2179 primum
585 2097 791 2160 consecrauit.
824 2097 940 2160 atenim
970 2097 1047 2160 uiua
1076 2103 1107 2160 et
1136 2115 1284 2181 germana
1313 2096 1457 2161 diuinitas
1474 2115 1497 2156 c

317 2219 374 2265 neo
398 2201 436 2265 de
460 2202 603 2266 nouitate
627 2221 683 2266 neo
707 2202 746 2266 de
769 2206 944 2281 uetustate,¹
972 2202 1089 2267 sedda
1118 2222 1177 2267 sua
1192 2203 1334 2268 ueritate
1360 2220 1457 2266 cense-

316 2311 378 2370 tur.
411 2326 472 2371 non
501 2308 596 2372 habet
627 2314 754 2391 tempus
788 2311 970 2374 aeternitas,
1002 2328 1093 2374 omne
1122 2309 1206 2373 euim
1237 2312 1366 2391 tempus
1394 2309 1457 2388 ipsa

318 2414 485 2494 estquod
513 2413 599 2492 tacit,
628 2415 693 2496 pati
718 2434 778 2479 nou
798 2418 913 2497 potest.
943 2419 1028 2480 earet
1055 2420 1158 2480 aetate
1187 2415 1274 2498 quod
1302 2415 1458 2481 nonlicet

317 2521 415 2588 nasci.
446 2520 523 2585 deus
557 2523 585 2586 si
619 2526 668 2586 est
700 2527 806 2598 uetur,
836 2543 896 2587 non
927 2523 996 2596 erit,
1026 2523 1054 2587 si
1082 2525 1132 2586 est
1158 2542 1270 2598 nouus,
1299 2541 1360 2588 nou
1390 2520 1456 2585 fuit.

316 2628 442 2692 nouitas
464 2628 591 2692 initium
618 2629 819 2704 testificatur,
847 2633 993 2694 uetustas
1022 2629 1115 2694 finem
1140 2629 1360 2696 comminatur.
1383 2627 1456 2691 deus
1472 2647 1495 2687 u

318 2737 423 2798 autem
457 2739 522 2798 tam
555 2735 677 2801 alienus
710 2737 749 2800 ab
781 2737 872 2802 initio
906 2742 938 2802 et
969 2737 1030 2802 fine
1063 2741 1113 2802 est
1141 2756 1235 2818 quam
1264 2755 1282 2799 a
1309 2740 1455 2818 tempore.

317 2841 433 2905 arbitro
458 2845 491 2904 et
512 2844 667 2906 metatore
691 2842 773 2906 initii
799 2845 831 2907 et
853 2841 934 2910 finis.

361 2949 392 3012 9.
416 2947 488 3012 Scio
517 2947 655 3030 quidem,
689 2968 751 3032 quo
779 2969 876 3014 sensu
907 2969 1025 3014 nouum
1059 2951 1153 3016 doum
1186 2950 1342 3020 iactitant.
1376 2948 1456 3034 agni-

317 3054 402 3119 tione
435 3055 555 3136 utique.
588 3054 644 3119 sed
667 3056 770 3138 ipsam
798 3057 974 3122 nouitatem
1009 3057 1199 3141 cognitionis
1230 3059 1456 3140 percutientem

315 3159 409 3224 rudes
429 3162 550 3226 animas
569 3162 736 3246 ipsamque
755 3166 930 3228 naturalem
951 3164 1105 3229 nouitatis
1124 3163 1358 3246 gratiositatem
1374 3161 1457 3227 uolui
1474 3179 1499 3220 a

316 3271 524 3350 repercutere,
550 3274 582 3332 et
600 3269 673 3333 hinc
691 3271 754 3333 iam
775 3270 814 3333 de
833 3271 941 3354 ignoto
967 3270 1025 3334 deo
1044 3288 1223 3352 prouocare.
1247 3269 1360 3351 utique
1380 3269 1456 3332 enim

316 3394 407 3456 quern
438 3376 598 3459 agnitione
626 3395 745 3440 nouum
779 3381 952 3458 opponunt,
986 3377 1131 3459 ignotum
1164 3381 1235 3440 ante
1269 3376 1457 3458 agnitionem

317 3481 542 3546 demonstrant.
567 3501 624 3565 age
648 3482 756 3566 igitur,
781 3483 819 3547 ad
844 3484 942 3547 lineas
966 3501 1092 3547 rursum
1117 3485 1149 3548 et
1171 3483 1201 3546 in
1227 3481 1373 3566 gradum!
1394 3501 1458 3565 per-

317 3587 415 3651 suade
435 3587 528 3652 deum
549 3589 694 3671 ignotum
718 3609 788 3654 esse
811 3590 964 3671 potuisse.
988 3589 1115 3654 inuenio
1135 3590 1228 3672 plane
1251 3589 1370 3672 ignotis
1394 3587 1457 3653 deis

405 3729 450 3796 ae]
471 3729 505 3782 er.
523 3729 584 3782 re.
605 3729 646 3792 rr,
666 3731 709 3784 aa.

351 3833 525 3903 2proferant
543 3835 803 3905 Pamrpraelerant
821 3835 882 3889 MR
956 3837 1050 3904 lipsa
1068 3835 1115 3899 12³,
1136 3836 1224 3905 ipsum
1238 3833 1312 3889 MR¹
1384 3837 1458 3888 lesus

316 3923 439 3977 Christus
458 3923 506 3991 R³,
529 3923 554 3976 ie
577 3932 640 3992 xpm
662 3924 706 3984 M.
729 3925 819 3978 Iesum
839 3923 977 3979 Christum
995 3923 1034 3978 12¹
1091 3925 1123 3977 10
1142 3923 1458 4030 ηοιιαε-ρῐοίῗείοτιειη

316 4039 404 4092 recocto
424 4056 462 4092 an
479 4041 578 4106 apuria
595 4041 652 4092 aiat
699 4041 729 4094 ll
750 4041 817 4093 haec
832 4042 943 4108 <enirn>
956 4041 1008 4094 erit
1019 4041 1127 4094 nouitas
1136 4041 1206 4108 fort.
1255 4041 1287 4095 16
1306 4039 1412 4094 uestate
1426 4039 1460 4092 M

315 4131 355 4192 (tu
374 4143 395 4180 a.
413 4145 442 4180 a.
463 4146 481 4180 a
499 4145 533 4183 m.
553 4133 578 4193 1)
634 4130 668 4181 24
688 4129 735 4182 sed
753 4131 851 4195 scripsi
858 4148 866 4181 .·
884 4128 932 4182 sed
952 4133 979 4182 et
993 4130 1055 4184 MR
1127 4129 1279 4183 nouitatem
1297 4129 1457 4197 cognitionis

314 4214 392 4283 Enp:
414 4217 545 4268 nouitatis
569 4216 753 4285 cognitionem
776 4217 846 4280 MR,
871 4234 916 4285 epo
940 4220 1037 4282 arecio,
1062 4235 1101 4271 aa
1123 4219 1237 4272 omnino
1260 4218 1378 4272 deleaute
1404 4218 1459 4271 aiat

315 4303 400 4357 samba
417 4306 726 4374 nouitatis-ipsamque
781 4309 815 4359 29
831 4307 954 4360 *intrusio
975 4307 1009 4360 M
1028 4308 1098 4376 (epil.
1119 4309 1145 4360 in
1165 4307 1196 4361 r'n
1213 4309 1281 4373 ras.)
