3250 4959
314 373 355 436 64
540 369 659 434 Quinti
678 367 821 438 Septimi
839 367 1012 422 Florentia
1030 365 1236 420 Tertulliani

311 565 428 629 missos
461 563 501 628 ad
534 583 567 630 se
601 566 634 650 et
660 527 959 646 ipsum'postremo
987 561 1151 627 dominum
1178 580 1273 626 suum
1302 559 1460 626 confecit?

313 669 369 735 sed
392 690 449 735 nec
473 671 532 734 ulli
556 669 683 735 omuino
707 672 808 734 terrae
834 669 922 734 salus
945 668 1186 751 repromittitur,
1215 685 1311 750 qnam
1334 669 1461 750 oportet

312 795 385 841 cnm
418 777 519 841 totius
552 775 661 839 mundi
695 775 807 840 habitu
837 775 1015 858 praeterire.
1044 774 1140 839 etiam
1174 775 1202 838 si
1229 773 1301 856 quis
1329 771 1460 838 audebit

311 886 426 947 terram
443 887 582 947 sanctam
601 881 782 964 paradisum
796 880 905 965 pot-ins
924 880 1146 965 argumentari,
1166 899 1263 962 qnam
1281 885 1315 945 et
1331 882 1458 962 patrum

313 990 374 1054 dici
404 989 518 1072 capiat,
551 988 638 1053 Adae
668 987 793 1054 scilicet
822 992 854 1052 et
880 988 978 1064 Euae,
1001 987 1130 1070 proinde
1160 987 1250 1052 etin
1277 986 1459 1070 paradisum
1493 1008 1511 1050 a

311 1097 472 1162 restitutio
507 1096 590 1160 carni
622 1094 784 1160 uidebitur
810 1094 1013 1177 repromissa,
1046 1110 1126 1176 qnae
1153 1113 1227 1158 enm
1258 1093 1395 1158 incolare
1428 1095 1460 1155 st

313 1203 474 1268 custodiro
507 1204 620 1268 sortita
647 1203 707 1280 est,
739 1204 776 1264 ut
809 1201 885 1266 talis
912 1200 990 1266 illuo
1018 1201 1112 1266 homo
1145 1204 1322 1276 reuocetur,
1355 1197 1459 1281 qualis

310 1309 383 1374 inde
407 1309 561 1390 depulsus
585 1311 645 1374 est.

357 1417 410 1480 27.
428 1415 593 1480 Habemus
613 1415 708 1480 etiam
728 1415 996 1480 uestimentornm
1018 1414 1050 1478 in
1075 1413 1242 1496 scripturis
1265 1413 1457 1478 mentionem
1620 1490 1621 1497 ¹

312 1520 350 1586 ad
383 1540 471 1603 spem
506 1520 607 1584 carnis
636 1519 851 1604 allegorizare,
883 1520 958 1602 qnia
990 1524 1022 1586 et
1055 1520 1254 1604 apocalypsis
1293 1519 1457 1584 Iohannis:
1476 1541 1504 1582 ro
1620 1516 1621 1603 f

312 1628 351 1694 hi
381 1631 484 1706 sunt,
514 1627 568 1704 ait,
598 1627 663 1709 qui
692 1627 945 1692 uestimenta
972 1647 1044 1692 sua
1068 1646 1143 1692 non
1169 1627 1457 1710 coinquinans·

311 1738 404 1799 runt
428 1753 515 1800 curn
539 1733 763 1798 mulieribn
773 1753 797 1808 s,
826 1734 969 1818 uirgines
993 1734 1118 1800 scilicet
1141 1734 1323 1818 significans
1346 1737 1380 1799 et
1403 1734 1458 1816 qui

311 1841 501 1924 semetipsos
533 1844 753 1905 castronerunt
785 1847 913 1924 propter
944 1861 1040 1926 regna
1077 1842 1247 1906 caelorum.
1285 1841 1393 1923 itaque
1425 1840 1456 1904 in

268 1993 270 1998 -
311 1947 392 2012 albis
417 1950 510 2012 erunt
533 1946 688 2026 uestibus,
713 1946 746 2011 id
770 1948 874 2011 estin
903 1948 1046 2012 claritate
1069 1947 1204 2011 innubae
1227 1947 1341 2013 carnis.
1370 1950 1403 2011 et
1425 1946 1456 2010 in

312 2054 477 2138 euangelio
496 2053 718 2118 indumentum
738 2055 881 2137 nuptiale
896 2055 1049 2120 sanctitas
1068 2054 1169 2118 carnis
1189 2054 1319 2137 agnosci
1338 2056 1455 2138 potest.
1476 2076 1501 2116 rs

311 2161 419 2242 itaque
442 2161 553 2224 Esaias
578 2159 704 2240 docens,
734 2160 828 2242 quale
854 2161 1008 2225 ieiunium
1037 2161 1169 2245 elegerit
1196 2160 1354 2238 dominns,
1383 2178 1454 2223 oum

312 2267 432 2331 subicit
460 2265 497 2331 de
525 2266 670 2331 mercede
697 2266 865 2331 bonitatis:
894 2271 1000 2345 tunc,
1032 2267 1145 2349 inquit,
1178 2267 1310 2331 lumen
1342 2269 1455 2331 tuum

312 2379 617 2457 temporaneum
652 2378 835 2456 erumpet
871 2378 910 2438 et
945 2376 1194 2440 uestimenta
1224 2379 1295 2440 tna
1327 2375 1455 2440 citius

313 2482 505 2558 orientur,
534 2499 594 2545 non
624 2481 819 2545 subsericam
848 2481 959 2562 ntique
986 2499 1046 2556 nec,
1076 2482 1209 2564 pallium
1242 2482 1298 2547 sed
1330 2501 1456 2547 carnem

311 2588 421 2653 uolens
451 2587 561 2669 accipi,
591 2589 695 2651 ortum
725 2586 827 2650 camis
857 2591 1092 2651 resurrecturae
1125 2588 1163 2652 ds
1195 2590 1309 2654 mortis
1341 2607 1501 2654 occasuro

310 2693 514 2778 praedicauit.
553 2694 630 2758 adeo
658 2693 750 2757 nobis
779 2712 906 2776 quoqne
934 2695 1077 2777 suppetit
1114 2695 1283 2779 allegorice
1315 2695 1456 2761 defensio

311 2801 480 2884 corporalis
518 2799 769 2864 resurrectionis.
805 2819 878 2864 nam
915 2807 947 2865 et
978 2820 1052 2865 cum
1088 2803 1241 2886 legimus:
1279 2802 1456 2884 populus

309 2926 432 2984 mena,
471 2907 645 2972 introite
678 2907 715 2970 iu
758 2906 888 2971 cellas
922 2927 1081 2990 promas
1111 2909 1362 2990 quantulum,
1397 2908 1456 2974 do·

310 3032 380 3077 nec
416 3013 476 3077 ira
504 3033 585 3078 mea
616 3017 861 3096 praetereat,
895 3017 1043 3096 sepulcra
1070 3019 1163 3079 erunt
1191 3015 1289 3080 cellae
1316 3033 1456 3099 promae,

243 3115 246 3120 ’
308 3121 340 3184 in
361 3120 477 3201 quibus
496 3120 659 3203 paulisper
677 3121 874 3203 requiescere
898 3121 1060 3186 habebunt
1078 3121 1132 3202 qui
1150 3121 1182 3184 in
1202 3121 1316 3186 finibus
1336 3121 1457 3186 saeculi
1473 3139 1500 3179 u

311 3227 369 3290 snb
390 3227 504 3291 ultima
522 3227 568 3290 ira
586 3246 642 3310 per
656 3227 835 3292 antichristi
852 3228 920 3291 uim
940 3227 1140 3292 excesserint
1159 3233 1216 3293 aut
1230 3248 1286 3293 cur
1304 3229 1457 3293 cellarum

309 3351 490 3414 promarum
523 3333 630 3414 potius
664 3334 821 3398 uocabulo
853 3353 933 3398 usus
967 3338 1025 3410 est,
1063 3336 1096 3397 ot
1126 3353 1188 3400 non
1221 3335 1358 3399 alicuius
1393 3334 1457 3400 loci

400 3524 427 3592 3]
448 3523 480 3578 cl.
501 3522 514 3576 Ι
533 3524 593 3578 Cor.
614 3525 638 3592 7,
657 3524 700 3576 31.
773 3524 801 3591 4]
822 3522 855 3578 cf.
876 3522 941 3577 Gen.
960 3524 1004 3591 31,
1024 3524 1052 3588 3;
1073 3524 1116 3590 48,
1136 3523 1178 3577 21.
1244 3525 1288 3594 11]
1307 3527 1391 3594 Apoc.
1412 3525 1455 3587 14.

309 3611 338 3671 4;
359 3612 384 3679 3,
404 3612 429 3664 4.
485 3611 528 3679 13]
550 3611 699 3664 oillatth.
721 3611 825 3678 19,12.
888 3612 1087 3682 14]01.Αροο.
1107 3614 1177 3680 3,5.
1237 3614 1281 3683 15]
1302 3613 1455 3668 clliattlr.

310 3701 353 3766 22,
373 3699 414 3753 11.
471 3699 515 3768 17]
535 3699 580 3752 Es.
600 3702 642 3760 58,
663 3699 686 3755 8.
743 3700 788 3768 22]
808 3699 854 3752 Es.
873 3700 916 3768 26,
935 3700 978 3754 20.

347 3824 358 3876 1
380 3823 476 3876 missos
496 3821 531 3876 ad
550 3839 577 3876 se
592 3822 661 3890 ΜΡ,
680 3822 715 3876 01
735 3840 764 3876 00
783 3825 879 3878 missos
893 3825 920 3877 P
931 3825 1015 3895 culpo
1087 3825 1205 3880 confecit
1216 3825 1377 3891 PMFOR¹‚
1391 3843 1453 3881 cou-

309 3911 368 3964 fixit
390 3911 522 3980 R³ou190
595 3912 610 3963 6
633 3912 750 3965 incolere
772 3912 795 3965 0
856 3912 873 3966 8
896 3912 1025 3982 depulsus
1043 3914 1153 3982 Fama
1177 3921 1220 3977 (aa
1238 3915 1455 3984 Hiraaupo'enso),

310 3999 403 4070 pulsus
430 3999 603 4069 PMRuutpo
703 4001 737 4054 14
760 4001 878 4054 innubae
910 4003 977 4071 Rip:
1010 4003 1111 4056 inuube
1138 4003 1234 4067 PMF,
1266 4005 1294 4057 in
1327 4005 1399 4059 nube
1425 4005 1455 4062 R

311 4089 343 4142 19
357 4089 521 4142 subsericam
539 4088 603 4143 aer:
617 4089 784 4143 subscribam
798 4089 893 4160 PMF,
909 4091 1067 4145 subuculam
1081 4092 1109 4145 B
1158 4091 1190 4145 21
1206 4092 1352 4162 allegorice
1366 4093 1458 4149 PMF

309 4181 353 4246 (=
369 4175 528 4249 ἀλληγορικτ]
543 4193 578 4232 sc.
593 4178 695 4249 τέχνη),
709 4179 856 4247 allegorica
871 4179 923 4234 Get
935 4181 1036 4248 reliqui
1090 4181 1124 4233 23
1139 4182 1299 4248 quantulum
1315 4206 1348 4227 =
1363 4183 1452 4252 μικρὸν

309 4264 473 4334 30ον(1109)
527 4266 560 4318 27
581 4281 644 4319 usus
664 4267 796 4321 uocabulo
815 4267 846 4321 F
