3250 4959
317 396 360 461 36
547 392 664 458 Quinti
684 392 827 463 Septimi
845 392 1018 447 Florentia
1037 392 1247 447 Tertulliani

315 586 424 669 potius
447 585 584 651 inseruit
606 589 639 651 et
661 585 828 651 inmiscuit
851 586 959 651 carni?
985 589 1075 652 tanta
1102 586 1229 667 quidem
1256 587 1464 665 concretione,

315 694 353 756 ut
379 693 535 757 incertum
562 691 671 757 haberi
698 691 812 777 possit,
837 697 985 757 utrumne
1010 712 1082 757 caro
1110 693 1249 757 animam
1272 712 1311 758 an
1339 711 1462 757 carnem

316 798 421 864 anima
457 800 668 877 circumierat,
705 804 854 864 utmmne
891 801 1013 864 animae
1046 818 1117 865 caro
1150 819 1188 863 an
1222 800 1327 864 anima
1357 802 1465 882 pareat

317 906 411 969 carni.
450 905 507 970 sed
544 905 605 971 etsi
641 904 744 989 magis
782 905 919 970 animam
954 905 1065 970 inuehi
1095 909 1191 989 atque
1219 904 1374 971 dominari
1401 924 1464 971 cre·

317 1010 454 1077 olendum
480 1015 540 1087 est,
563 1015 601 1077 ut
623 1012 727 1096 magis
752 1011 810 1076 deo
833 1012 1020 1094 proximam,
1038 1012 1099 1077 hoc
1118 1030 1244 1095 quoque
1268 1012 1308 1077 ad
1331 1012 1464 1095 gloriam
1492 1037 1509 1077 ο

319 1119 422 1183 carnis
451 1120 609 1195 exuberat,
643 1120 729 1201 quod
759 1119 934 1201 proximam
968 1119 1026 1184 deo
1060 1124 1093 1186 ot
1124 1120 1266 1186 continet
1299 1122 1332 1185 et
1361 1119 1465 1201 ipsius

317 1224 539 1291 dominationis
568 1229 748 1308 compotem
775 1229 928 1309 praestat.
960 1245 1056 1308 quem
1083 1225 1168 1291 enim
1201 1229 1331 1291 naturae
1357 1245 1465 1301 usum,

317 1351 410 1415 quom
442 1332 554 1396 mundi
580 1333 731 1412 fructum,
761 1350 856 1414 quem
884 1334 1112 1398 elementorum
1141 1352 1286 1417 saporem
1318 1352 1378 1397 non
1411 1351 1466 1415 per

317 1458 441 1505 carnem
478 1438 582 1504 anima
614 1438 818 1521 depascitur?
850 1438 981 1522 quidni?
1013 1458 1069 1522 per
1099 1458 1195 1523 quam
1228 1439 1314 1505 omni
1349 1439 1466 1503 instru-

315 1547 423 1612 mento
444 1564 597 1611 sensuum
615 1545 778 1625 fulciatur,
798 1546 872 1611 uisu
892 1546 1003 1611 auditu
1022 1549 1122 1629 gustu
1141 1545 1275 1611 odoratu
1294 1547 1465 1611 contactu?
1483 1566 1509 1607 ro

220 1672 221 1677 ¹
316 1672 372 1736 per
400 1672 496 1736 quam
528 1652 637 1719 diuina
667 1656 828 1735 potestate
859 1672 1005 1737 respersa
1036 1657 1097 1730 ost,
1124 1653 1204 1719 nihil
1230 1671 1293 1719 non
1320 1672 1466 1719 sermono

316 1759 492 1844 perficiens,
521 1760 575 1824 uel
606 1759 703 1824 tacito
735 1760 934 1842 praemisso?
963 1763 997 1825 ct
1023 1778 1127 1825 sermo
1160 1759 1242 1825 enirn
1275 1759 1315 1825 (1ο
1347 1778 1465 1843 organo

317 1865 420 1931 carnis
444 1872 501 1930 est.
525 1868 609 1929 artes
632 1884 688 1948 per
710 1884 847 1944 carnem,
872 1865 979 1931 studia
996 1864 1123 1948 ingenia
1140 1885 1197 1948 per
1214 1885 1351 1944 carnem,
1370 1882 1467 1948 opera

316 1973 445 2056 nogotia
468 1970 572 2037 officia
598 1990 654 2054 per
682 1990 817 2051 carnem,
846 1974 943 2054 atque
971 1971 1049 2037 adeo
1073 1976 1178 2038 totum
1202 1972 1314 2038 uiuere
1341 1972 1466 2037 animae

318 2078 419 2143 carnis
453 2081 511 2157 est,
545 2081 581 2143 ut
613 2096 675 2143 non
708 2079 818 2144 uiuere
850 2079 974 2143 animae
1005 2079 1082 2163 <nil>
1114 2079 1202 2144 aliud
1238 2080 1282 2144 sit
1317 2098 1413 2162 quam
1445 2097 1510 2144 arr

318 2203 409 2250 earne
437 2184 603 2251 diuertere.
633 2186 680 2251 sic
709 2187 805 2250 stiam
833 2186 939 2269 ipsum
972 2187 1053 2251 mori
1086 2187 1187 2251 carnis
1220 2189 1279 2265 est,
1307 2187 1399 2253 euius
1431 2188 1466 2250 et

317 2292 436 2357 uiuere.
460 2311 551 2374 porro
577 2293 605 2357 si
628 2293 778 2358 uniuersa
799 2312 857 2375 por
879 2312 1002 2358 carnem
1030 2293 1197 2359 subiacent
1222 2293 1356 2371 animae,
1379 2290 1491 2372 carni,

317 2418 444 2481 quoque
464 2399 639 2473 subiacent.
658 2418 714 2483 por
732 2400 819 2481 quod
836 2400 948 2476 utaris,
973 2418 1046 2464 oum
1069 2420 1106 2465 eo
1129 2401 1230 2465 utaris
1253 2418 1384 2464 necesse
1407 2401 1466 2463 est

315 2504 362 2571 ita
389 2524 471 2585 caro,
496 2506 571 2571 olum
600 2506 745 2571 ministra
771 2510 803 2572 et
830 2507 950 2571 famula
976 2506 1099 2571 animae
1120 2498 1308 2591 deputatur,
1335 2523 1465 2570 consors

318 2616 351 2677 et
389 2612 519 2678 coheres
562 2614 732 2679 inuenitur,
775 2614 804 2678 si
839 2614 1074 2696 temporalium,
1108 2632 1165 2679 cur
1199 2632 1262 2679 non
1298 2615 1331 2677 et
1366 2617 1466 2677 aeter·
1483 2632 1512 2674 ro

317 2722 451 2784 norom?

362 2828 391 2890 8.
415 2828 456 2890 Et
478 2827 555 2891 haec
579 2826 707 2909 quidem
731 2828 824 2892 uelut
852 2826 891 2892 de
913 2827 1043 2911 publica
1070 2828 1174 2891 forma
1201 2826 1358 2891 humanae
1390 2844 1465 2891 con·

318 2932 452 2997 dicionis
481 2934 669 3017 suffragium
701 2933 785 2997 carni
815 2932 1064 3016 procurauorim.
1101 2931 1268 2997 uideamus
1306 2951 1389 2997 nuno
1424 2932 1465 2997 oe

317 3038 445 3121 propria
485 3040 581 3103 etiam
615 3039 787 3105 Christiani
821 3039 957 3105 nominis
991 3039 1102 3118 forma,
1134 3042 1253 3121 quanta
1284 3039 1360 3103 huic
1390 3038 1466 3102 sula

317 3146 453 3209 stantiae
475 3146 609 3211 friuolae
634 3166 669 3211 ac
693 3146 839 3212 sordidae
863 3146 947 3228 apud
971 3145 1066 3211 deum
1088 3145 1308 3229 praerogatiua
1331 3146 1384 3219 sit,
1403 3144 1466 3209 etsi
1483 3165 1514 3208 as

317 3251 480 3316 sufficeret
497 3252 555 3330 illi,
576 3253 661 3336 quod
679 3254 768 3319 nulla
787 3254 913 3319 omnino
933 3254 1040 3317 anima
1052 3254 1189 3319 salutem
1208 3251 1312 3336 possit
1329 3251 1466 3333 adipisci

316 3357 389 3433 nisi,
423 3356 499 3422 dum
532 3362 580 3423 est
617 3360 649 3423 in
687 3378 790 3439 carne,
828 3358 1009 3436 crediderit
1048 3359 1124 3423 adeo
1157 3377 1229 3424 caro
1265 3357 1381 3424 salutis
1415 3362 1467 3423 est

318 3464 422 3529 cardo.
447 3464 485 3529 de
509 3484 572 3548 qua
594 3485 668 3531 oum
692 3466 797 3531 anima
816 3465 875 3531 deo
900 3466 1060 3550 alligatur,
1083 3466 1154 3550 ipsa
1177 3470 1236 3544 est,
1255 3484 1336 3549 quae
1355 3464 1465 3542 eflicit,

319 3574 355 3635 ut
387 3571 492 3636 anima
524 3571 649 3656 alligari
685 3573 797 3654 possit.
835 3572 961 3638 scilicet
997 3591 1069 3637 caro
1106 3572 1258 3650 abluitur,
1293 3576 1332 3639 ut
1362 3574 1467 3637 anima

354 3850 489 3920 tpereat
511 3850 609 3913 PMF,
635 3854 765 3920 appareat
785 3850 838 3905 Ger
890 3850 980 3904 tetri
1007 3848 1074 3903 Get:
1096 3853 1125 3904 et
1141 3849 1233 3904 PMF
1285 3850 1318 3904 10
1334 3850 1407 3905 fulta
1423 3854 1469 3904 eet

321 3938 374 3994 Gal
429 3939 519 3993 151111
543 3938 608 3995 add.
627 3938 668 3994 12³
728 3940 760 3993 18
783 3939 927 3994 subiacent
950 3939 1021 4003 (alt.)
1048 3938 1115 3993 Get.-
1136 3940 1226 3992 iacent
1248 3939 1284 4005 F,
1307 3939 1470 3994 subiaceant

317 4025 382 4080 PM
452 4028 536 4081 utaris
563 4044 634 4089 ,cum
659 4046 690 4082 eo
714 4030 809 4091 utaris,
830 4028 866 4091 B,
895 4030 981 4082 utaris
1008 4028 1099 4082 PMF
1149 4028 1184 4083 28
1210 4027 1370 4098 suffragium
1396 4027 1468 4097 HF,

318 4114 450 4184 suffragia
468 4116 501 4184 P,
519 4117 587 4185 <in>
604 4116 763 4187 suffragium
779 4117 832 4172 Gel
885 4117 919 4169 27
940 4120 983 4171 est
1002 4118 1105 4187 (priam)
1123 4132 1175 4171 om.
1191 4116 1245 4171 Gal
1296 4117 1332 4172 28
1351 4115 1470 4185 denique

318 4220 378 4259 oum
393 4202 448 4259 Urs
518 4205 692 4275 alligaturF,
711 4206 836 4276 elligitur
849 4206 919 4270 PM,
938 4206 1107 4276 allegiturR
1120 4206 1205 4276 sculpo
1260 4206 1295 4261 29
1309 4206 1417 4276 alligari
1430 4206 1469 4274 F,

319 4293 397 4365 alligi
416 4294 484 4362 PM,
503 4294 586 4363 allegi
604 4293 633 4349 R
651 4295 735 4364 culpo
808 4295 915 4351 seilicet
937 4294 1004 4348 Ure:
1022 4294 1071 4348 sed
1089 4301 1118 4349 et
1135 4295 1227 4350 ΡΜΓ
