3250 4959
401 390 436 444 ll.
460 393 506 446 De
526 391 641 447 Carnis
660 393 920 449 Resurrectione
938 395 1053 449 51-52.
1236 399 1298 463 107

146 587 315 670 patiuntur
333 587 543 668 corruptelam
563 591 596 652 ot
615 588 852 666 mortalitatem,
873 607 943 654 caro
963 590 1087 655 scilicet
1106 595 1139 656 et
1157 593 1299 676 sanguis,

148 713 185 758 ea
209 711 341 758 necesse
372 698 421 758 est
448 694 609 776 patiantur
633 698 664 758 et
692 695 938 778 incorruptelam
968 701 1001 761 et
1026 697 1299 764 inmortalitatem.

194 801 246 864 52.
280 799 454 865 Videamus
488 801 551 864 iam
585 820 678 878 nunc,
712 821 774 883 quo
809 821 938 885 corpore
970 807 1122 869 uenturos
1154 809 1301 870 mortuos

147 906 259 989 disput
279 910 300 970 t.
330 911 363 972 et
389 905 479 985 bene,
509 906 593 988 quod
622 908 727 990 erupit
755 909 865 973 statim
897 909 1072 986 ostendere,
1108 911 1199 993 quasi
1227 911 1300 992 quis

110 1033 125 1075 s
147 1013 308 1078 eiusmodi
323 1017 462 1094 quaerat.
484 1034 498 1078 s
524 1014 750 1097 ulte,·inquit,
771 1019 827 1089 tu;
853 1015 951 1096 quod
971 1016 1137 1081 seminas
1156 1035 1225 1080 non
1249 1036 1300 1081 re·

146 1119 392 1196 uiuificatur,
412 1120 487 1185 nisi
506 1123 695 1185 mortuum
712 1122 837 1186 luerit.
856 1122 916 1186 hoc
932 1141 1006 1206 ergo
1025 1123 1088 1187 iam
1105 1123 1142 1187 de
1158 1123 1301 1205 exemplo

146 1226 282 1290 seminis
303 1229 427 1291 constet
445 1245 506 1291 nou
526 1227 619 1290 aliam
640 1227 797 1293 uiuificari
817 1247 941 1292 carnem
962 1247 1057 1310 quam
1080 1229 1195 1311 ipsam,
1220 1247 1301 1310 quae

146 1333 209 1398 erit
233 1337 368 1407 mortua,
395 1338 426 1396 st
450 1333 495 1398 ita
519 1335 684 1416 sequentia
707 1334 903 1400 relucebunt.
933 1335 1013 1398 nihil
1038 1336 1122 1399 enim
1146 1335 1302 1400 aduersus

144 1439 295 1522 regulam
320 1439 454 1521 exempli
477 1439 588 1505 licebit
611 1441 840 1525 intellegine,
866 1442 939 1523 quia
963 1441 1119 1523 sequitur:
1145 1445 1182 1505 et
1205 1441 1303 1523 quod

100 1570 128 1608 ιο
150 1545 330 1623 semmae,
349 1563 419 1612 nou
440 1564 575 1628 corpus
599 1545 694 1627 quod
715 1547 886 1611 futurum
906 1552 964 1612 eat
983 1548 1158 1625 seminas,
1182 1547 1300 1612 idcirco

146 1651 237 1715 aliud
265 1655 519 1716 resurrecturum
547 1671 663 1736 corpus
697 1671 791 1734 quarn
826 1653 909 1735 quod
938 1653 1098 1718 moriendo
1127 1654 1303 1718 seminatur

147 1758 323 1822 existimes.
347 1762 487 1822 ceterum
512 1759 658 1824 excidisti
683 1760 720 1825 ab
746 1761 899 1843 exemplo.
929 1780 1102 1842 numquam
1127 1761 1208 1824 enim
1239 1761 1304 1825 fru-

147 1868 256 1929 mento
286 1864 441 1930 seminato
471 1865 556 1929 etin
580 1869 665 1929 terra
692 1866 851 1931 dissoluto
881 1867 1012 1931 ordeum
1048 1867 1153 1950 erupit
1187 1872 1219 1931 et
1242 1886 1303 1932 non

147 1971 179 2035 id
204 1971 311 2052 ipsum
337 1989 437 2054 genus
462 1973 550 2054 graui
575 1972 747 2054 eademque
776 1978 888 2038 natura
912 1977 944 2037 ct
972 1973 1110 2055 qualitas
1135 1976 1168 2037 et
1189 1973 1302 2037 formu.

101 2101 127 2141 rs
148 2077 286 2159 denique
318 2077 401 2142 uude
433 2078 564 2161 (aliud.)
589 2078 615 2144 si
639 2097 698 2142 non
732 2078 765 2142 id
788 2079 917 2161 ipsum?
952 2084 985 2144 et
1013 2079 1192 2163 corruptela
1219 2079 1303 2143 cuim

152 2186 261 2267 ipsum
291 2188 351 2260 est,
381 2185 456 2249 dum
482 2185 585 2268 ipsius
614 2188 671 2249 est.
701 2185 757 2250 sed
785 2186 868 2250 enim
897 2189 929 2250 et
957 2186 1113 2271 suggerit,
1146 2185 1304 2269 quomodo

153 2297 226 2356 ‘non
248 2291 332 2373 quod
350 2291 494 2356 futurum
515 2295 563 2355 est
583 2300 708 2374 corpus¹
729 2293 913 2371 seminetur,
938 2294 1062 2358 dicens:
1082 2293 1147 2357 sed
1165 2292 1305 2356 nudum

155 2417 324 2481 granum,
344 2398 375 2461 si
395 2399 501 2476 forte,
520 2397 702 2462 frumenti
722 2399 784 2463 uel
801 2399 969 2463 alicuius
989 2399 1193 2463 eiusmodi:
1213 2398 1305 2462 deus

155 2507 281 2568 autem
312 2504 375 2569 dat
401 2504 463 2568 illi
492 2523 629 2587 corpus
658 2511 771 2588 prout
799 2507 893 2570 uult.
922 2509 1006 2571 certe
1035 2507 1064 2570 ei
1088 2525 1196 2589 grano,
1221 2505 1306 2586 quod

110 2637 136 2675 ae
156 2611 278 2676 nudum
308 2612 456 2676 seminari
479 2612 533 2676 ait.
564 2617 658 2688 corte,
683 2613 800 2694 inquis.
831 2631 905 2697 ergo
930 2613 1056 2678 saluum
1081 2620 1131 2676 est
1158 2612 1210 2676 cui
1234 2611 1306 2675 dare

157 2718 256 2782 habet
280 2717 358 2782 deus
383 2737 506 2802 corpus.
532 2719 690 2802 quomodo
715 2723 822 2784 autern
852 2720 977 2783 saluum
1006 2723 1065 2797 est,
1094 2719 1121 2782 si
1148 2737 1305 2799 nusquam

156 2831 217 2902 est,
238 2825 265 2888 si
285 2845 345 2889 non
365 2827 514 2909 resurgit,
540 2826 567 2890 si
586 2845 647 2890 non
668 2825 699 2889 id
719 2827 826 2908 ipsum
845 2827 1005 2910 resurgit?
1030 2827 1057 2891 si
1076 2845 1136 2892 non
1155 2824 1305 2906 resurgit,

157 2934 285 2997 saluum
310 2953 370 2998 non
395 2937 451 2998 est.
476 2935 502 2997 si
526 2952 586 2998 non
611 2938 661 2997 est
685 2939 717 2997 et
741 2933 879 3010 saluum,
903 2934 1044 3015 accipere
1068 2951 1182 3015 corpus
1206 2951 1225 2996 a
1247 2931 1306 2994 deo

156 3059 220 3104 non
249 3044 363 3122 potest.
396 3040 451 3104 sed
481 3041 562 3104 enim
597 3041 723 3106 saluum
757 3043 842 3104 omni
869 3041 963 3105 modo
996 3044 1129 3105 constat.
1164 3039 1204 3103 ad
1231 3037 1308 3120 quid

109 3161 136 3202 2⁵
156 3165 234 3230 ergo
262 3147 349 3212 dabit
375 3147 422 3212 illi
453 3148 531 3213 deus
560 3152 653 3230 prout
681 3150 754 3212 uult
782 3167 907 3231 corpus,
939 3148 1068 3213 habenti
1097 3147 1209 3228 utique
1236 3163 1307 3229 pro-

154 3254 262 3335 prium
287 3272 401 3336 corpus
424 3254 506 3318 illud
530 3254 661 3332 nudum,
686 3255 747 3319 nisi
767 3255 886 3318 utiam
911 3273 972 3318 non
996 3253 1117 3317 nudum
1141 3254 1307 3336 resurgat?

156 3379 233 3444 ergo
253 3360 398 3425 additum
416 3362 476 3426 erit
495 3361 579 3444 quod
598 3363 721 3445 corpori
742 3361 983 3443 superstruitur,
1007 3378 1065 3424 uec
1085 3359 1309 3423 exterminatur

156 3468 249 3544 illud,
275 3468 328 3532 cui
352 3468 593 3551 superstruitur,
619 3469 674 3533 sed
698 3473 843 3552 augetur.
868 3468 995 3532 saluum
1020 3469 1070 3530 est
1093 3470 1199 3530 autem
1224 3463 1308 3546 quod

248 3627 274 3694 5]
294 3624 307 3678 l
328 3623 388 3679 Cor.
408 3625 450 3698 15,
470 3625 513 3679 36.
568 3626 596 3694 9]
617 3624 631 3678 Ι
651 3625 711 3679 Cor.
732 3627 774 3688 15,
795 3625 837 3680 37.
895 3625 938 3693 17]
959 3624 972 3677 Ι
992 3622 1051 3678 Cor.
1074 3623 1114 3689 15,
1134 3622 1250 3675 37-38.

194 3749 211 3802 3
234 3747 377 3803 uideamus
399 3749 464 3804 Gel:
486 3750 610 3804 uidemus
633 3749 725 3804 PMF
776 3752 794 3803 4
819 3751 895 3818 quasi
919 3765 970 3802 om.
994 3749 1029 3816 F,
1054 3748 1101 3817 qni
1124 3747 1147 3798 si
1170 3745 1208 3798 M
1226 3750 1307 3811 (corr.

158 3855 191 3890 m.
206 3841 231 3904 1)
305 3838 366 3906 quis
380 3838 484 3895 omM
535 3839 619 3892 5non
639 3835 1128 3904 GelsnonnePMFR²‚numneR³
1207 3834 1308 3887 reuiui-

156 3927 255 3980 licatur
272 3925 339 3994 Eny
356 3926 402 3994 (cs.
417 3943 447 3995 p.
470 3929 510 3988 51,
530 3928 595 3992 19).-
613 3927 769 3980 uiuiiioatur
787 3925 879 3979 PMF
933 3927 965 3978 13
985 3927 1075 3993 erupit
1097 3922 1168 3988 ΜΕ,
1193 3920 1310 3990 erumpit

158 4014 276 4084 Paulyo
340 4016 372 4068 14
391 4014 524 4083 qualitate
544 4015 617 4067 Pam
673 4016 704 4068 15
728 4014 800 4068 aliud
827 4013 927 4067 addidi
979 4015 1011 4066 16
1034 4011 1172 4065 sedenim
1196 4010 1310 4077 scripti:

158 4104 294 4156 nonenim
305 4101 396 4154 PMF
443 4103 474 4156 17
491 4103 641 4157 seminatur
654 4103 726 4156 Pam
783 4099 1112 4161 18uelPMF‚autGel
1166 4101 1308 4152 22sinon

157 4192 185 4246 id
200 4192 431 4262 ipsum—saluum
451 4209 503 4245 non
525 4195 567 4245 est
584 4209 635 4247 om.
655 4193 685 4246 F
737 4194 770 4247 at
790 4209 843 4245 non
863 4192 964 4244 nudum
980 4191 1027 4254 113,
1047 4188 1166 4243 nondum
1180 4187 1308 4242 ΡΞΙΠΡΕι

157 4283 191 4334 27
212 4280 374 4335 additicium
394 4281 446 4333 erit
465 4297 561 4350 corpus
581 4282 652 4350 quod
675 4280 698 4334 G
