3250 4959
329 388 396 458 496
557 385 675 451 Quinti
694 385 836 456 Septimi
852 384 1025 440 Florentio
1042 382 1245 441 Tertulliani

331 578 493 665 gloriam
516 582 629 644 tuam.
654 580 687 644 et
710 577 860 644 dominus
883 577 1033 644 similiter
1060 576 1100 644 de
1125 576 1249 646 futuro:
1278 595 1348 663 ego
1375 595 1478 661 prae-

330 683 457 750 oedum
487 683 611 770 gloria
638 699 734 762 meu·
758 687 791 750 et
817 683 952 767 relique
979 687 1014 750 et
1039 683 1072 750 in
1098 683 1289 750 nouissimo:
1322 688 1361 750 et
1387 688 1478 750 tnnc

331 790 482 858 uidebis
505 790 721 876 posteriora
743 809 833 870 mes,
857 807 920 856 non
943 789 1071 856 lumbos
1093 808 1152 856 nee
1173 807 1277 868 suras,
1300 789 1360 856 sed
1381 808 1479 872 quern

330 895 566 964 desiderauerat
589 897 723 982 gloriam
746 898 778 964 in
801 897 1034 982 posterioribus
1047 897 1246 981 temporibus
1263 897 1479 969 reuelundanr,

330 1003 363 1072 iu
386 1021 449 1087 qus
470 1004 551 1072 isoio
575 1003 615 1070 ed
638 1004 752 1070 lucium
776 1003 940 1070 nisibilem
965 1023 1000 1070 ss
1022 1004 1053 1071 ei
1069 1003 1304 1089 repromiserat,
1322 1003 1421 1068 etiam
1439 1001 1480 1066 ad
1507 1027 1521 1066 e

331 1109 487 1176 Aaronem
525 1109 650 1178 dicens:
683 1114 722 1176 et
758 1111 791 1176 si
823 1111 942 1177 inerit
973 1112 1178 1194 prophetes
1211 1110 1248 1176 iu
1279 1109 1406 1186 uobis,
1442 1108 1480 1173 in

331 1216 481 1284 uisioue
510 1233 719 1302 cognoscar
745 1217 808 1284 illi
836 1220 874 1283 ot
903 1217 941 1282 in
972 1217 1122 1284 uisione
1153 1218 1287 1300 loquer
1314 1216 1360 1280 ad
1388 1233 1481 1292 eum,

332 1341 402 1388 uon
426 1323 610 1406 quomodo
634 1323 679 1390 cd
702 1323 873 1408 Moysen:
895 1343 934 1390 os
958 1323 1003 1390 ud
1024 1343 1066 1390 oe
1088 1324 1224 1408 loquar
1246 1323 1291 1389 ud
1318 1341 1412 1398 oum,
1444 1323 1481 1388 in

331 1429 459 1514 specie
483 1465 526 1478 -
549 1431 662 1514 utique
685 1431 837 1507 bominis,
860 1450 956 1515 quam
980 1433 1050 1498 eret
1075 1433 1328 1516 gestaturus-
1352 1449 1423 1495 non
1445 1429 1482 1494 in
1617 1440 1618 1449 ¹

332 1537 554 1622 aenigmate.
583 1555 656 1604 nem
689 1542 722 1603 st
754 1538 783 1604 si
816 1539 960 1606 Marcion
990 1539 1097 1606 noluit
1128 1557 1202 1604 oum
1234 1539 1481 1620 conloquentem
1499 1558 1525 1600 u

331 1641 459 1709 domino
475 1647 651 1723 ostensum,
667 1643 724 1710 sed
738 1647 888 1723 stentem,
902 1648 1008 1712 umen
1024 1649 1057 1712 et
1068 1648 1158 1711 etune
1173 1661 1210 1710 os
1224 1643 1265 1710 ed
1278 1663 1315 1710 os
1329 1644 1438 1710 stabit
1449 1652 1483 1709 at

331 1748 446 1818 sociem
469 1750 509 1816 cd
527 1750 653 1830 iscium,
667 1771 809 1818 -cum
832 1753 913 1832 illo,
931 1751 1048 1836 inquit,
1066 1771 1128 1818 nou
1146 1754 1246 1818 ‘extra
1261 1751 1369 1818 illum’
1385 1785 1429 1800 -
1448 1751 1481 1814 in

331 1856 435 1940 glorie
455 1857 569 1941 ipsius,
601 1857 720 1924 nedum
742 1859 774 1922 in
799 1862 982 1944 conspeetu.
1016 1859 1055 1926 de
1082 1877 1147 1942 qua
1173 1859 1277 1943 glorie
1303 1877 1366 1924 non
1389 1857 1482 1922 aliter

330 1963 520 2031 inlustratus
535 1964 686 2030 discessit
705 1984 722 2030 a
742 1964 869 2033 Christo
888 1983 984 2048 quam
999 1965 1125 2032 solebat
1141 1984 1162 2030 u
1178 1968 1331 2042 creatore,
1349 1963 1481 2048 proinde

331 2071 408 2136 tunc
439 2071 550 2138 oculos
582 2071 764 2155 percutiens
795 2071 935 2138 filiorum
962 2072 1124 2152 Israhelis,
1151 2071 1422 2156 quemadmodum
1448 2076 1482 2134 et
1497 2089 1522 2132 re

332 2195 416 2246 nunc
433 2178 590 2244 excaecuti
603 2179 783 2259 Marcionis,
797 2179 852 2262 qui
870 2179 931 2246 boo
944 2197 1071 2263 quoque
1084 2181 1309 2264 argumentum
1326 2177 1482 2257 aduersus

332 2302 367 2348 se
389 2284 494 2350 lacere
517 2303 578 2351 non
602 2285 695 2352 uidit.

376 2391 429 2456 23.
454 2391 601 2476 Suscipio
624 2392 655 2458 in
680 2411 730 2458 me
753 2411 921 2475 personam
944 2391 1106 2460 Israhelis.
1139 2395 1206 2458 stet
1227 2390 1377 2458 Christus
1399 2391 1482 2456 Mar-

333 2497 433 2564 cionis
458 2499 491 2562 et
513 2498 682 2564 exclamet:
709 2517 726 2564 o
757 2499 936 2583 genitura
958 2499 1164 2576 incredula,
1192 2513 1391 2581 quousque
1419 2517 1481 2562 ero

334 2603 432 2687 apud
454 2607 544 2670 uos?
568 2624 765 2689 quousque
789 2606 988 2672 sustinebo
1011 2610 1102 2672 uos?
1126 2605 1237 2672 statim
1259 2623 1280 2670 u
1300 2623 1355 2670 me
1372 2604 1523 2670 audirer·

334 2709 474 2776 debebit:
503 2711 660 2795 ‘quisquis
689 2731 732 2792 es,
764 2732 783 2778 o
812 2730 995 2788 oeconomo,
1027 2713 1117 2796 prius
1145 2711 1212 2790 ede,
1245 2711 1300 2794 qui
1329 2712 1376 2777 sis
1404 2716 1482 2776 eta

333 2837 395 2900 qno
419 2817 528 2886 uenias
553 2821 585 2886 et
608 2820 692 2902 quod
715 2822 747 2886 in
770 2821 862 2888 nobis
885 2821 1040 2886 bibilus?
1069 2840 1171 2904 usque
1198 2820 1303 2888 adbuc
1330 2817 1483 2884 creatoris

334 2925 385 2992 est
406 2929 511 2992 totum
535 2926 620 3008 opud
642 2930 686 2992 te.
700 2926 804 3010 plane,
828 2927 858 2992 ei
880 2927 919 2992 ab
942 2927 999 2993 illo
1023 2929 1116 2993 uenis
1138 2927 1243 2992 atilli
1264 2926 1345 3012 agis,
1369 2924 1484 2989 udmit

333 3031 433 3098 timus
452 3031 708 3115 increpationem.
733 3034 761 3098 si
785 3048 861 3098 uero
885 3033 925 3098 ub
949 3034 1023 3110 elio,
1047 3034 1134 3100 deus
1157 3033 1270 3100 uelim:
1294 3031 1485 3115 quidnobis

334 3157 487 3221 umquem
511 3139 550 3204 do
582 3143 638 3206 tuo
672 3140 875 3219 commisisti,
907 3141 995 3223 qnod
1025 3140 1151 3207 credere
1183 3140 1421 3216 debuissemus,
1449 3143 1486 3203 nt
1500 3155 1526 3198 rs

334 3245 502 3327 exprobres
531 3244 784 3311 incredulitatem
820 3246 874 3328 qni
904 3265 962 3312 nee
993 3249 1026 3312 te
1056 3247 1164 3330 ipsum
1195 3245 1364 3329 aliqnando
1392 3245 1485 3312 nobie

334 3351 508 3417 reuelasti?
531 3371 626 3434 quem
650 3352 726 3418 olim
751 3352 836 3435 apud
853 3371 911 3417 nos
931 3373 1024 3437 egero
1043 3353 1188 3437 coepisti,
1207 3358 1246 3419 ut
1262 3357 1391 3436 tempus
1411 3369 1484 3435 que

426 3521 549 3593 1]Erod.
565 3524 608 3588 33,
624 3523 666 3578 19.
704 3524 733 3593 2]
749 3523 941 3588 urensque.
977 3525 1245 3595 emunire-8.
1283 3526 1485 3596 dolellsnub.

336 3611 450 3667 eo-sl,
499 3611 543 3682 12]
559 3611 623 3666 Luc
638 3613 663 3681 9,
677 3612 720 3666 32.
769 3613 1221 3684 14-1510r.snod.34‚29-30.
1264 3617 1307 3688 19]
1321 3615 1387 3672 Luc.
1402 3619 1428 3685 9,
1440 3619 1484 3673 41.

372 3737 388 3789 2
408 3736 496 3805 gloria
514 3751 575 3790 mea
592 3737 635 3808 (τῇ
656 3735 719 3810 δόξῃ
740 3735 802 3810 μου)
820 3737 890 3807 MF,
911 3739 980 3808 (in)
997 3739 1086 3810 gloria
1103 3738 1223 3812 Ruulpb
1281 3741 1298 3794 5
1317 3742 1486 3812 repromittit

336 3823 410 3878 Pom
450 3825 595 3880 baronem
613 3825 651 3878 M
689 3826 858 3880 lnisionem
874 3825 916 3883 11ι
973 3829 1071 3898 loquar
1087 3828 1122 3894 R,
1140 3830 1238 3900 loquor
1253 3829 1292 3884 Μ
1333 3830 1407 3886 8ad
1424 3847 1486 3886 enm

336 3927 387 3972 orn.
406 3911 450 3968 12²
531 3914 662 3984 llutique
681 3913 935 3984 submonere
1018 3919 1051 3973 12
1064 3917 1248 3987 pereutere
1262 3919 1488 3990 munitm

339 4003 372 4056 13
390 4001 478 4071 gloria
495 4003 608 4072 rer-spei:
625 4003 740 4074 gloriam
758 4003 823 4060 MR
880 4011 1054 4076 conspectum
1071 4007 1145 4062 Posse
1191 4008 1398 4079 repercutiens
1419 4009 1488 4065 Urs:

337 4095 477 4160 pereutere
494 4091 559 4148 MR
625 4093 662 4147 20
680 4109 821 4162 quousque
839 4095 981 4150 sustinebo
999 4112 1050 4150 uos
1068 4111 1120 4152 om.
1138 4095 1180 4152 13¹
1250 4097 1284 4152 21
1304 4114 1321 4150 o
1340 4113 1488 4152 oeconomo

335 4179 434 4247 serspei
453 4181 499 4248 (ef.
513 4180 582 4237 Leo.
597 4183 642 4251 12,
657 4185 720 4249 u).-
736 4200 752 4236 o
767 4181 916 4254 echonome
929 4184 972 4253 Μ,
991 4185 1184 4254 eperchomene
1197 4185 1233 4248 F.
1253 4203 1269 4239 o
1287 4184 1445 4258 ἔπιρχόμινσ
1458 4186 1488 4242 B

337 4267 422 4336 cuke
494 4269 541 4339 qui
560 4270 603 4338 M,
623 4273 684 4341 quis
702 4273 826 4342 Ruolqo
884 4274 919 4328 23
939 4273 1011 4345 apud
1029 4279 1058 4330 te
1076 4292 1129 4331 om.
1147 4275 1187 4331 13¹
1247 4277 1283 4330 26
1302 4276 1435 4346 exprobee
1452 4276 1490 4332 Μ
