3250 4959
323 391 385 453 112
547 386 664 452 Quinti
684 385 826 454 Septimi
844 384 1017 438 Florentii
1037 382 1245 437 Tertulliani

321 581 495 646 secundum
516 599 650 644 carnem.
673 580 782 661 itaque
801 598 874 643 cum
895 579 979 643 cami
1000 579 1168 643 conueniat
1186 578 1261 643 ordo
1278 577 1311 642 in
1330 580 1469 660 utroque

321 687 433 766 Adam,
457 706 518 753 non
538 687 670 763 animae,
694 690 741 764 [ut
763 686 884 768 primus
904 685 997 750 homo
1017 685 1048 749 in
1069 685 1205 749 eriimam
1224 685 1342 761 uiuam,
1361 685 1469 749 nouis·

322 794 423 858 simus
446 795 478 858 in
502 793 650 878 spiritum
674 792 889 864 uiuificantem
909 792 1051 858 distincti
1075 793 1162 876 sunt]
1184 812 1282 875 aeque
1305 792 1468 856 distinctio

323 920 429 966 eorum
446 901 531 965 carni
547 900 785 965 distinctionem
800 900 1040 982 praeiudicabit,
1060 904 1098 965 ut
1111 900 1149 964 de
1168 918 1259 963 carne
1274 899 1318 962 sit
1331 898 1468 962 dictum:

322 1027 398 1072 non
436 1008 608 1092 primum
648 1007 752 1089 quod
796 1007 992 1088 spiritale
1038 1007 1107 1072 sed
1144 1007 1247 1089 quod
1283 1006 1467 1081 animale,
1503 1023 1520 1062 ε

323 1119 466 1196 postea
504 1114 607 1196 quod
641 1113 844 1196 spiritale,
881 1118 978 1196 atque
1015 1115 1061 1178 ita
1092 1114 1202 1178 eodem
1234 1113 1278 1178 sit
1309 1116 1343 1176 et
1373 1131 1469 1195 snpra

322 1220 536 1304 intellegendo
574 1225 605 1284 et
643 1239 721 1302 quae
760 1220 944 1297 seminetur,
986 1237 1100 1302 corpus
1138 1219 1283 1296 animale,
1321 1222 1353 1282 et
1388 1238 1468 1300 quae

323 1329 477 1409 resurgat,
507 1345 621 1408 corpus
639 1321 803 1408 spiritale,
834 1322 920 1411 [quia
947 1345 1009 1390 non
1037 1326 1173 1409 primum
1203 1325 1288 1408 quod
1315 1326 1467 1407 spiritale,

324 1431 380 1496 sed
403 1433 488 1514 quod
511 1430 658 1520 animale]
685 1433 758 1514 quia
781 1433 903 1514 primus
925 1433 1027 1498 Adam
1049 1435 1081 1496 in
1105 1435 1252 1509 enimam,
1275 1432 1468 1498 nouissimus

323 1539 424 1603 Adam
447 1539 478 1602 in
504 1539 664 1622 spiritum.
689 1542 793 1604 totum
814 1539 852 1603 de
870 1539 1010 1604 homine,
1034 1543 1138 1604 totum
1163 1539 1201 1604 de
1220 1558 1321 1616 earne,
1344 1538 1467 1621 quando
1488 1555 1517 1594 ιο

325 1645 362 1709 de
395 1645 529 1710 homine.
564 1645 641 1726 quid
669 1665 743 1730 ergo
777 1645 943 1709 dicemus?
976 1665 1076 1710 nonne
1105 1650 1138 1709 et
1164 1664 1248 1709 nunc
1274 1645 1372 1709 babet
1397 1663 1468 1709 earo

325 1751 471 1833 spiritum
491 1771 526 1816 ex
545 1752 628 1817 fide?
653 1755 690 1816 ut
709 1751 922 1833 quaerendum
947 1752 999 1829 sit,
1024 1752 1182 1834 quomodo
1202 1771 1316 1834 corpus
1335 1751 1469 1814 animale

325 1858 449 1922 dicatur
486 1858 642 1922 seminari.
679 1859 771 1940 plane
809 1858 928 1940 accipit
959 1862 991 1922 et
1027 1859 1078 1922 hio
1115 1858 1263 1941 spiritum
1295 1876 1377 1934 caro,
1413 1857 1469 1923 sed

325 1965 519 2040 arrabonem,
549 1965 671 2030 animae
699 1968 805 2028 autem
833 1984 896 2030 non
932 1966 1114 2030 arrabonem
1147 1965 1203 2030 sed
1229 1963 1470 2046 plenitudinem.

324 2069 432 2151 ltaque
461 2070 557 2133 etiam
587 2073 763 2152 propterea,
793 2070 921 2134 maioris
951 2070 1149 2134 substantiae
1176 2070 1313 2146 nomine,
1335 2070 1472 2134 animale
1491 2087 1516 2127 1⁵

325 2195 439 2256 corpus
467 2181 650 2259 nuncupata
673 2179 733 2259 est,
762 2177 792 2240 in
822 2197 884 2259 quo
913 2178 1097 2254 seminatur,
1126 2179 1234 2242 futura
1260 2177 1390 2259 proinde
1415 2197 1474 2260 per

324 2281 554 2364 plenitudinem
587 2283 718 2364 spiritus
750 2283 882 2364 insuper
911 2284 1065 2366 spiritale,
1095 2284 1128 2348 in
1163 2302 1225 2366 quo
1252 2284 1472 2349 resuscitatur.

326 2387 402 2470 quid
434 2389 559 2467 mirum,
593 2390 620 2453 si
653 2390 756 2473 magis
789 2389 861 2453 inde
888 2391 1029 2454 uocitata
1056 2393 1117 2471 est,
1145 2391 1227 2454 unde
1250 2390 1389 2456 conferta
1410 2396 1471 2455 est.

327 2515 420 2576 quam
443 2496 526 2560 undo
550 2514 697 2579 resperso
720 2499 790 2560 est?

371 2603 422 2666 54.
448 2602 496 2666 lta
520 2602 557 2666 de
582 2603 811 2667 uocabulorum
834 2604 1054 2668 occasionibus
1074 2605 1246 2686 plurimum
1271 2603 1471 2686 quaestiones
1488 2619 1515 2658 ²⁰

326 2706 547 2786 subornentur,
573 2709 658 2774 sieut
681 2713 713 2772 et
736 2708 773 2773 de
798 2710 969 2775 uerborum
993 2711 1280 2776 communionibus.
1303 2729 1376 2774 nem
1398 2711 1474 2792 qnia

327 2819 359 2878 et
382 2813 463 2878 illud
487 2814 572 2896 opud
598 2815 779 2898 apostolum
803 2816 946 2898 positum
975 2820 1037 2881 est:
1066 2816 1123 2880 uti
1151 2816 1355 2882 deuoretur
1381 2835 1470 2880 mor-

327 2920 402 2984 tale
418 2940 436 2984 e
450 2919 540 2995 uita,
566 2939 637 2985 coro
653 2921 787 3000 scilicet,
807 2921 1045 2988 deucrotionem
1066 2941 1191 3004 quoque
1206 2923 1246 2987 ad
1263 2923 1471 3006 perditionem

328 3026 451 3092 scilicet
474 3029 576 3091 earnis
601 3027 766 3110 arripiunt,
792 3030 882 3110 quiesi
906 3049 968 3093 non
991 3030 1087 3094 bilem
1112 3034 1145 3092 et
1168 3029 1307 3094 dolorem
1330 3029 1473 3094 dicamur

327 3133 487 3210 deuorare,
519 3134 551 3197 id
581 3137 631 3198 est
665 3135 857 3199 abscondere
890 3155 926 3199 ae
954 3140 1060 3218 tegere
1089 3141 1120 3200 et
1151 3136 1234 3200 intra
1259 3136 1471 3218 nosmetipsos
1489 3151 1517 3190 τι

417 3395 501 3465 siro.
558 3397 585 3464 r]
609 3396 745 3450 coron.
767 3398 809 3462 15,
824 3397 868 3450 44.
925 3397 969 3464 121
987 3396 1019 3449 cr.
1036 3395 1096 3453 oar.
1111 3399 1135 3464 o,
1151 3400 1175 3450 s.
1231 3396 1470 3465 2211100r.5,4.

362 3572 378 3624 2
398 3575 430 3624 ut
447 3570 709 3640 primus-distincti
733 3575 797 3624 suirt
819 3571 919 3625 seclusi
941 3576 972 3624 ut
995 3572 1266 3639 interpretamentum
1288 3573 1355 3626 clim
1376 3588 1471 3641 ouper-

327 3662 456 3728 oeriptrror
480 3661 571 3714 uerbis
599 3677 684 3728 aeque
713 3661 855 3714 distinctio
880 3677 981 3724 eorum,
1005 3678 1076 3728 poce
1093 3667 1208 3728 propter
1235 3661 1367 3715 lacunam
1386 3678 1473 3730 corma

329 3749 848 3818 indicatamnorrgrotirerrmtintellepi
902 3748 1108 3817 esuniPMF,
1123 3750 1316 3818 sintltrrulpo
1364 3751 1472 3820 lproe·

328 3837 461 3892 iudicabit
478 3839 589 3905 serapti:
608 3838 807 3906 praeiudicauit
821 3838 913 3891 PMF
964 3838 1213 3907 Siluia-animale
1230 3838 1329 3892 seclusi
1382 3840 1417 3892 13
1429 3855 1474 3892 ac·

330 3927 396 3995 cipit
412 3928 523 3994 scripsi:
542 3928 648 3996 accepit
662 3928 752 3980 Pol-F
806 3928 838 3981 15
853 3930 896 3980 ita
911 3927 1041 3980 distineri:
1056 3927 1122 3980 olim
1135 3927 1221 3980 delere
1232 3927 1312 3980 uolui
1322 3930 1475 3996 propteree.

329 4015 403 4082 quod
421 4015 566 4068 abundare
586 4017 703 4077 uidetur.
723 4017 790 4084 quia
809 4018 918 4070 nomine
938 4041 971 4062 .-·
986 4023 1109 4084 propter.
1171 4017 1203 4069 16
1222 4033 1274 4084 quo
1293 4017 1404 4084 scripsi:
1420 4033 1476 4086 qua

329 4103 420 4156 PMF
486 4119 554 4170 ιρετ,
581 4104 777 4173 plenitudinem
801 4105 837 4159 B.
865 4104 1062 4172 plenitudinem
1087 4103 1179 4156 PMF
1232 4106 1264 4156 11
1295 4106 1477 4173 quoserr'pri:

330 4192 486 4261 quaPMF
538 4195 571 4247 19
590 4192 793 4262 respersaGcl:
813 4192 1037 4261 disperoaPMF
1089 4193 1123 4246 24
1141 4192 1334 4246 notabilemF
1401 4192 1476 4246 (liee-

329 4299 387 4334 mur
408 4288 430 4348 (r
449 4299 481 4334 er
501 4285 522 4348 e)
541 4281 579 4334 Μ
630 4284 663 4334 25
684 4299 714 4335 ac
733 4286 826 4350 tegere
844 4281 892 4344 Rt
912 4281 1040 4350 adtegere
1059 4281 1184 4336 ΡΜΕΒι
