3250 4959
417 374 476 428 VII.
495 373 663 429 Aduersus
682 375 880 429 Marcionem
898 374 947 430 lib.
965 375 990 429 V
1007 375 1087 431 l-t.
1252 378 1318 441 585

168 573 292 655 patrem
336 570 430 636 deum
472 571 653 654 praescribo
695 589 756 636 nou
800 570 899 635 elium
942 570 1180 656 agnoscendum
1223 587 1319 651 quam

168 680 201 742 et
228 677 365 742 hominis
395 681 427 742 et
454 675 675 742 uniuersitatis
705 680 877 743 creatorem
907 682 939 742 et
961 677 1195 751 iust'tutorerm
1224 693 1319 758 porro

166 784 251 866 patri
278 783 375 849 etiam
408 783 527 848 domiui
559 801 672 848 nomeu
701 783 849 849 accedere
877 783 917 849 ub
940 786 1143 867 potestatem,
1177 781 1262 864 quod
1286 784 1321 845 et

166 891 254 956 filius
277 909 332 974 per
355 893 474 974 patrem
500 890 617 975 capiat3
642 889 756 955 dehinc
780 890 913 974 gratiam
938 894 971 955 et
993 908 1101 973 paoem
1125 909 1187 956 uon
1204 887 1317 954 'solum

131 1017 146 1058 a
168 998 238 1062 eius
252 1015 334 1076 esse,
350 1017 366 1062 a
382 1015 444 1080 quo
459 997 729 1080 praedicabantur,
748 997 802 1062 sed
817 997 881 1080 <et>
895 996 974 1072 eius,
986 997 1042 1080 qui
1057 998 1154 1064 luerit
1168 995 1319 1062 offensus.

167 1123 226 1170 uec
250 1105 351 1189 gratia
374 1105 456 1168 euim
480 1105 517 1168 fit
538 1105 601 1169 uisi
626 1105 761 1170 offensae
781 1123 838 1168 neo
856 1123 916 1188 pax
934 1104 995 1169 nisi
1014 1104 1101 1168 belli.
1126 1108 1160 1170 et
1176 1105 1320 1188 populus

167 1215 276 1276 autem
295 1229 350 1294 per·
369 1211 554 1294 disciplinae
573 1211 857 1295 transgressionem
877 1214 909 1276 et
928 1231 1018 1276 omne
1036 1210 1201 1276 hominnm
1215 1231 1320 1296 genus

167 1337 224 1402 per
249 1323 379 1384 naturae
407 1317 696 1383 dissimulationem
725 1321 755 1382 et
780 1319 958 1402 deliquerat
979 1323 1011 1384 et
1033 1319 1242 1384 rebellauerat
1264 1316 1317 1381 ad-

168 1445 281 1491 uersus
305 1429 488 1490 creatorem.
514 1425 591 1490 deus
616 1429 721 1490 autem
746 1426 918 1491 Marcionis
942 1428 975 1490 et
1002 1425 1077 1509 quia
1101 1425 1232 1509 ignotus
1254 1443 1316 1489 non

121 1549 148 1590 ro
169 1532 275 1616 potuit
307 1531 422 1596 offendi
455 1535 487 1596 et
515 1533 589 1614 quia
615 1533 718 1598 noscit
745 1532 850 1598 irasci.
884 1551 965 1616 quae
989 1551 1064 1616 ergo
1088 1532 1191 1617 gretia
1213 1549 1232 1595 a
1254 1551 1316 1597 nun

169 1639 310 1704 offenso?
331 1657 411 1721 quae
431 1657 488 1720 pax
503 1658 521 1702 a
535 1657 596 1703 non
615 1639 789 1704 rebellato?
857 1640 913 1704 ait
931 1658 1057 1704 crucem
1073 1637 1191 1704 Christi
1211 1637 1319 1704 stulti-

167 1746 246 1810 tiam
271 1763 340 1811 ease
363 1745 523 1828 perituris,
548 1745 701 1810 uirtutem
726 1750 831 1811 autem
852 1749 885 1810 et
902 1744 1089 1828 sapientiam
1109 1745 1160 1810 dei
1179 1745 1317 1810 salutem

169 1852 399 1927 consecuturis,
419 1859 451 1916 et
465 1854 502 1914 ut
516 1851 704 1930 ostenderet,
723 1852 805 1916 uude
824 1852 885 1916 hoc
902 1852 1053 1927 eueniret,
1073 1851 1184 1917 adicit:
1200 1852 1318 1936 scrip-

170 1961 247 2022 tum
272 1961 329 2022 est
354 1959 466 2022 enim:
494 1959 646 2039 perdam
671 1957 898 2040 sapientiam
922 1958 1153 2041 sapientium
1178 1962 1214 2022 et
1236 1977 1318 2040 pru·

123 2079 149 2120 ιε
171 2065 334 2130 dentiam
368 2064 609 2148 prudentium
642 2063 793 2129 inritam
827 2064 971 2128 daciam.
1006 2064 1034 2128 si
1061 2063 1140 2128 haec
1163 2064 1317 2129 creatoris

170 2176 244 2236 sunt
277 2175 309 2236 et
341 2172 381 2236 ad
414 2191 542 2238 oausam
577 2171 679 2236 crucis
717 2171 876 2254 pertinent
912 2171 1083 2235 stultitiam
1121 2171 1316 2252 deputatam,

169 2297 243 2363 ergo
268 2283 300 2344 et
323 2297 397 2344 crur
420 2281 453 2343 et
475 2297 531 2362 per
554 2297 679 2343 crucem
704 2277 853 2343 Christus
877 2277 916 2342 ad
939 2282 1111 2342 creatorem
1135 2277 1319 2360 pertinebit,

170 2403 187 2448 a
207 2402 269 2466 quo
288 2383 504 2466 praedicatum
525 2383 677 2466 estquod
698 2383 738 2448 ad
755 2401 881 2448 erucem
900 2384 1045 2466 pertinet.
1065 2387 1121 2448 aut
1140 2384 1168 2448 si
1186 2388 1318 2461 creator,

170 2509 232 2572 qua
264 2489 420 2567 aemulus,
457 2489 575 2555 idcirco
608 2491 796 2572 sapientiam
830 2490 974 2567 abstulit,
1010 2494 1049 2555 ut
1080 2509 1154 2555 orur
1187 2489 1319 2566 Christi,

123 2613 151 2654 ao
171 2596 296 2661 seilicet
324 2597 506 2662 aduersarii.
538 2597 678 2661 stultitia
706 2597 885 2680 deputetur,
914 2597 1109 2680 ecquomodo
1133 2601 1241 2680 potest
1263 2597 1319 2660 ali-

171 2703 247 2786 quid
274 2702 314 2768 ad
342 2721 468 2768 crucem
493 2703 611 2770 Christi
638 2721 699 2768 non
728 2703 777 2768 sui
807 2708 928 2768 creator
955 2706 1189 2786 pronuntiasse,
1222 2723 1318 2787 quem

169 2809 345 2893 ignorabat,
370 2829 442 2874 aum
466 2809 688 2892 praedicabat?
717 2809 772 2874 sed
796 2816 829 2874 et
857 2828 912 2874 cur
935 2811 1017 2893 apud
1042 2811 1136 2875 deum
1161 2812 1318 2894 optimum

171 2923 204 2982 et
226 2917 373 3000 profusae
396 2916 630 2982 misericordiae
655 2917 709 2980 alii
733 2918 870 2982 salutem
889 2917 1040 2999 referunt,
1065 2917 1228 2983 credentes
1249 2935 1317 2982 cru·

170 3042 240 3087 cem
262 3023 414 3088 uirtutem
439 3031 470 3088 et
493 3023 680 3106 sapientiam
706 3023 756 3088 dei
780 3041 861 3099 esso,
886 3023 940 3088 alii
959 3023 1177 3106 perditionem,
1201 3023 1318 3105 quibus

123 3143 151 3185 τὸ
172 3129 289 3196 Christi
308 3149 381 3194 arur
401 3130 540 3195 stultitia
558 3133 744 3212 reputatur?
760 3131 788 3194 si
803 3149 873 3204 non,
894 3131 1044 3194 creatoris
1059 3135 1109 3196 est
1127 3131 1265 3212 aliquam
1286 3133 1320 3194 et

170 3237 281 3319 populi
305 3241 336 3300 et
353 3235 483 3300 humani
502 3238 627 3319 generis
647 3237 799 3303 offensam
819 3236 1007 3302 detrimento
1028 3238 1201 3320 sapientiae
1221 3240 1319 3318 atque

170 3342 355 3425 prudentiae
383 3343 548 3407 multasse.
579 3344 639 3408 hoc
667 3344 833 3426 sequeutia
859 3342 1098 3422 confirmabunt,
1128 3362 1201 3408 oum
1225 3343 1318 3408 dicit:

262 3463 288 3533 a]
308 3463 341 3518 cr.
361 3463 436 3519 nom.
458 3464 481 3530 1,
502 3463 615 3521 re-ar.
672 3465 716 3536 11]
738 3466 771 3522 u.
790 3467 804 3520 1
824 3466 884 3522 cor.
906 3467 929 3530 1,
950 3468 991 3520 re.
1048 3464 1250 3535 13]100r.1,
1271 3465 1317 3532 ra

171 3553 205 3608 cr.
225 3553 270 3607 aa.
290 3553 332 3621 aa,
353 3553 394 3607 14.

208 3658 322 3713 ldeum
341 3659 453 3727 scripsi:
472 3658 610 3714 dominum
629 3660 691 3716 MR
746 3661 909 3716 3acoedere
928 3661 964 3726 R,
984 3661 1126 3717 accederet
1143 3660 1208 3716 ΜΓ
1255 3662 1319 3714 bet

173 3747 274 3800 addidi
344 3747 361 3801 8
380 3747 562 3802 rebellauerat
581 3747 628 3812 12³,
649 3749 836 3805 debellauerat
853 3751 927 3806 MR¹
1002 3752 1032 3805 il
1054 3751 1094 3805 ait
1111 3749 1159 3818 13³,
1178 3753 1227 3804 aut
1244 3748 1320 3804 ΜΕ*

173 3837 205 3892 13
225 3835 309 3890 adicit
326 3835 375 3904 12³,
394 3837 498 3906 aliquid
518 3838 594 3894 Mal
651 3840 682 3893 16
703 3845 731 3893 et
747 3842 856 3910 <quae>
873 3839 907 3894 ad
925 3840 998 3894 Pam
1069 3839 1216 3894 stultitiam
1232 3839 1319 3901 MR¹,

172 3924 307 3978 stultitiae
325 3924 457 3995 Riuulpo
511 3925 669 3996 deputatam
687 3929 766 3998 Επρε
785 3929 901 3998 deputat
918 3928 980 3982 MR
989 3929 1062 3982 Pom
1097 3929 1132 3982 20
1152 3927 1320 3998 ecquomodo
1400 3917 1403 3922 ’

175 4012 317 4068 uellerea.-
337 4017 365 4067 et
380 4013 515 4082 quomodo
529 4015 593 4069 MR
629 4018 663 4070 22
680 4016 758 4070 deum
777 4019 890 4085 scripsi:
909 4017 1045 4070 domiuum
1059 4016 1122 4072 MR
1157 4017 1192 4071 25
1210 4017 1322 4085 wara

171 4102 397 4171 intermortuae
410 4103 497 4172 posui
568 4105 591 4156 si
611 4121 673 4168 uon,
692 4110 737 4170 (ε
757 4106 779 4158 εἰ
794 4107 821 4160 δὲ
841 4105 889 4177 μή;
910 4113 998 4160 mente
1015 4106 1127 4174 supple:
1148 4105 1221 4176 apud
1239 4105 1319 4160 deum

171 4189 301 4260 optimum
322 4191 369 4244 alii
388 4191 504 4246 sulutem
523 4191 645 4246 referunt
664 4193 711 4248 alii
730 4193 924 4264 perditionem)
944 4194 1073 4248 creatoris
1091 4195 1204 4263 ambri:
1222 4195 1246 4248 si
1264 4211 1318 4248 non

172 4279 301 4334 creatoris
319 4281 402 4350 culpo
449 4279 482 4334 26
502 4282 596 4350 populi
613 4281 724 4344 MR³G,
744 4283 845 4352 populo
863 4282 902 4338 lc
949 4283 982 4337 ti
996 4283 1146 4337 multasse?
1164 4283 1217 4338 hoc
1234 4285 1321 4354 culpo
