3250 4959
337 404 443 472 XVIII
800 401 1021 458 Praefatio.

336 618 398 665 non
421 596 631 678 exstabant1)
654 594 774 661 rectius
797 612 882 660 nunc
905 612 1001 675 quam
1025 596 1117 659 antea
1139 592 1280 659 iudicare
1302 592 1390 673 licat,
1413 594 1488 677 qaia

336 703 481 770 Rbsuani
511 702 613 787 prima
644 700 714 783 (ΕΙ)
747 703 930 784 comparata
957 718 1031 768 cum
1053 699 1234 766 Florentino
1257 698 1293 763 F
1317 719 1426 768 ueram
1452 701 1486 765 in

337 811 525 877 uniuersum
549 811 581 877 et
602 808 759 893 integram
783 807 875 877 uobis
899 806 1058 890 permittit
1078 806 1246 879 restituere
1262 806 1393 874 illomm
1410 806 1487 872 ima·

337 918 452 1002 ginem.
487 914 600 981 ubiubi
633 914 717 981 euim
739 912 845 997 prima
864 912 1008 981 Rhodani
1032 931 1104 978 cum
1129 911 1238 981 codice
1260 910 1297 977 F
1315 912 1394 982 iacit
1415 911 1487 977 Hir·

336 1022 539 1107 saugiensem
562 1039 620 1087 noe
644 1021 759 1086 habere
783 1023 907 1086 certum
931 1022 991 1098 est
1022 1019 1080 1090 ubi
1106 1038 1182 1085 uero
1205 1018 1241 1087 F
1260 1038 1333 1087 oum
1355 1017 1488 1102 M(PN)

334 1128 415 1193 tecit
436 1130 546 1193 contra
566 1124 624 1206 R¹‚
657 1126 800 1194 Rhenani
828 1126 1044 1195 coniecturam
1072 1125 1303 1209 agnoscendam
1331 1144 1403 1193 esse
1425 1144 1487 1191 non

334 1234 441 1301 minus
454 1232 601 1320 liquet.²)
619 1238 760 1301 ceterum
780 1252 843 1315 qua
860 1235 966 1299 aetate
982 1232 1101 1300 fuerint
1123 1232 1302 1316 conscripta
1323 1231 1489 1299 uolumina

334 1340 590 1427 Hirsaugiensia,
609 1340 685 1423 quia
702 1342 789 1406 tacet
806 1339 987 1419 Rhenanus,
1006 1337 1087 1404 scire
1099 1358 1162 1404 non
1175 1357 1360 1422 possumus,
1378 1358 1488 1423 qnam-

336 1466 432 1531 quam
454 1446 538 1527 inde,
563 1446 649 1532 quod
671 1446 727 1512 ille
750 1446 863 1512 ubiubi
885 1448 1014 1529 praesto
1033 1448 1102 1510 erat
1118 1445 1375 1515 Paterniacensis
1392 1446 1489 1515 illum
1600 1483 1601 1522 r

333 1573 390 1647 pro
409 1553 614 1620 fundamento
632 1552 751 1639 posuit,
771 1552 841 1619 iure
859 1552 995 1619 domasse
1015 1550 1186 1617 concludas
1199 1551 1386 1619 Rhenanam
1403 1553 1488 1619 hunc
1600 1617 1601 1632 ,

335 1660 478 1729 codicem
492 1660 703 1743 antiquiorem
718 1660 879 1728 iudicasse
896 1658 987 1727 libris
1000 1658 1286 1743 Hirsaugicneibus
1306 1664 1339 1725 et
1357 1660 1397 1726 ob
1417 1679 1486 1725 eam

334 1786 402 1835 rem
424 1767 487 1834 fide
512 1767 698 1851 digniorem.
728 1769 883 1851 quantum
902 1770 1010 1832 autem
1029 1764 1202 1849 deperditis
1219 1764 1311 1831 libris
1328 1766 1361 1831 in
1379 1765 1488 1832 uerbis

333 1873 475 1941 auctoris
508 1873 741 1941 constituendis
775 1871 1021 1949 adiudicandum
1050 1872 1095 1939 sit
1125 1872 1326 1939 auctoritatis
1359 1877 1392 1939 et
1424 1893 1487 1957 quo
1600 1939 1601 1948 ,

333 1980 462 2047 uinculo
483 1980 642 2048 coniuncti
660 1980 778 2046 fuerim
797 1999 869 2045 cum
889 1979 1171 2064 Montepessulano
1191 1982 1225 2046 et
1241 1980 1487 2059 Paterniacenei,
1600 1995 1601 2010 ³

333 2086 527 2179 firmioribus
564 2086 627 2151 iam
659 2086 774 2170 positis
802 2084 1018 2152 fundamentis
1043 2085 1106 2151 dici
1132 2105 1228 2171 posse
1255 2087 1412 2153 existimo.
1449 2106 1487 2153 ac

332 2194 471 2279 primum
503 2192 632 2275 quidem
663 2193 697 2259 id
728 2193 788 2259 hac
816 2195 925 2259 nostra
950 2192 1133 2261 recensione
1160 2194 1267 2277 palam
1289 2194 1411 2259 lactum
1434 2198 1486 2260 eet

332 2319 395 2367 non
417 2303 544 2368 tantum
566 2299 760 2366 intercedere
784 2300 868 2366 iuter
889 2299 1138 2385 Hirsaugienses
1161 2304 1193 2367 et
1214 2300 1364 2384 reliquos,
1389 2320 1486 2385 quan·

333 2410 404 2473 tum
427 2405 621 2473 intercedere
644 2407 815 2476 uidebatur
838 2408 992 2490 quamdiu
1014 2428 1077 2474 non
1100 2408 1180 2475 satis
1203 2408 1373 2476 distinctae
1396 2414 1487 2476 eraut

332 2512 488 2579 editiones
516 2512 750 2592 Rhenanis-nam
784 2513 938 2580 maiorem
966 2515 1050 2580 enim
1083 2533 1249 2581 numerum
1280 2516 1484 2600 discrepanti·

332 2639 432 2697 arum,
456 2636 536 2702 quae
559 2619 591 2683 in
615 2621 709 2685 tortia
727 2619 871 2685 Rhenani
889 2622 1098 2704 reperiuntur,
1116 2640 1177 2685 non
1198 2622 1483 2706 Hireaugiensibus

332 2725 390 2796 scd
412 2724 602 2795 coniectanti
623 2726 773 2792 Rhenano
799 2726 906 2791 deberi
928 2727 992 2791 iam
1016 2729 1124 2811 potest
1146 2727 1303 2813 cognosci.
1326 2729 1482 2793 aeriorem

331 2836 437 2903 amen
456 2832 619 2917 archetypi
638 2833 809 2917 imaginem
826 2833 976 2916 praebere
999 2830 1139 2898 codicem
1162 2821 1482 2914 Montepessulanum

331 2957 427 3023 quam
449 2938 698 3023 Hirsaugienscs
730 2939 784 3005 uir
805 2939 911 3024 fugiet
934 2956 1138 3021 quemquam,
1170 2937 1227 3019 qui
1251 2938 1341 3004 locos
1365 2938 1481 3005 discre-

330 3048 443 3129 pantes
479 3045 730 3129 perlustrcuerit.
764 3046 850 3112 sicut
880 3046 965 3112 onim
991 3045 1024 3109 in
1052 3044 1260 3111 immutandis
1283 3046 1481 3129 quorundam

377 3232 396 3303 i)
415 3234 486 3289 Sunt
503 3234 532 3289 hi
550 3234 626 3290 libri:
651 3236 684 3291 cic
705 3252 810 3292 corona
827 3236 934 3304 militae,
958 3234 1000 3290 ad
1020 3240 1168 3306 camyros,
1188 3237 1223 3291 dc
1238 3238 1427 3306 poenitentia,
1447 3238 1482 3293 de

330 3323 487 3393 &sinubus
504 3324 641 3395 celandis,
661 3326 695 3381 de
712 3326 812 3380 babitu
828 3325 965 3394 muliebri,
985 3324 1025 3379 ad
1041 3340 1164 3393 wera,
1183 3326 1217 3381 de
1229 3327 1427 3395 perseeutione,
1442 3328 1484 3382 od

330 3408 491 3480 Scopulum,
510 3410 544 3466 de
561 3412 752 3469 adiunctione
770 3414 920 3482 castitatis,
935 3413 969 3467 dc
980 3415 1166 3483 masuic,
1180 3414 1215 3469 dc
1227 3413 1330 3482 pollio,
1346 3414 1482 3471 aduersae

330 3498 513 3556 Marcionem.

375 3586 475 3655 ’ldrti
499 3590 662 3645 emendandi
685 3592 771 3647 multo
795 3592 877 3647 etiam
900 3592 990 3662 magis
1013 3589 1121 3646 studuit
1137 3590 1285 3645 Bhenanus
1306 3592 1336 3645 in
1358 3592 1480 3648 editione

330 3678 451 3733 secunda
469 3696 493 3733 a.
514 3680 584 3735 1528
603 3680 710 3747 emissa,
729 3680 758 3734 in
777 3697 832 3751 qua
849 3679 1007 3735 adornanda
1024 3680 1101 3735 nulla
1118 3678 1247 3735 adhibuit
1263 3696 1337 3736 noua
1358 3680 1481 3737 codicum

329 3765 461 3836 subsidia,
481 3768 597 3823 maxime
615 3772 707 3824 autem
725 3769 754 3823 iu
773 3770 866 3838 tertia,
886 3786 956 3841 quac
975 3768 1080 3839 prodiit
1097 3786 1121 3823 a
1142 3770 1212 3825 1539
1230 3768 1301 3838 (3³),
1319 3770 1482 3825 nouaclum

330 3854 485 3911 (turriensis
504 3855 568 3911 libri
587 3873 667 3928 quam
686 3860 792 3914 interea
810 3862 954 3930 acceperat
972 3859 1120 3915 collatione
1142 3859 1192 3913 sed
1210 3860 1294 3913 ctiam
1311 3861 1397 3929 ipsine
1415 3876 1480 3915 cou-

329 3942 441 3998 iecturis
465 3946 608 4014 permultis
621 3947 699 4002 ‘locis
722 3946 876 4003 emendata.
899 3952 1053 4019 propterea,
1076 3964 1137 4002 cnm
1156 3964 1203 4002 eas
1221 3965 1289 4018 quas
1305 3948 1480 4018 postmodum

329 4031 458 4102 probauit
474 4034 595 4091 medelas
614 4037 696 4091 etiam
714 4037 742 4091 in
761 4038 873 4091 tertiam
890 4037 1033 4108 receperit,
1046 4036 1181 4092 secundae
1200 4036 1328 4093 editionis
1346 4037 1479 4092 rationem

329 4120 432 4176 nullam
452 4124 604 4180 censuimus
622 4124 784 4190 babendum,
805 4142 838 4179 eo
856 4126 1008 4181 accuratius
1027 4128 1117 4179 summ
1141 4124 1313 4180 distinximus
1334 4126 1406 4179 inter
1424 4124 1479 4194 pri-

328 4226 401 4265 mam
424 4214 453 4266 el·
475 4213 594 4283 tertiam,
617 4217 650 4269 ut
671 4214 781 4269 tandem
805 4214 953 4284 aliqnando
977 4215 1105 4284 cognosci
1128 4214 1223 4285 possit,
1247 4212 1314 4283 qnid
1341 4213 1480 4269 codicibus

330 4300 395 4370 quid
413 4302 525 4372 ingenie
545 4319 593 4358 sno
614 4303 714 4359 debeat
733 4303 889 4359 Rhenanus.
