3250 4959
379 440 439 497 VII.
458 440 628 495 Aduersus
646 441 847 494 Marcionem
865 439 913 493 lib.
932 439 1100 495 11119-10.
1252 443 1316 505 445

163 640 240 703 etsi
272 638 422 703 fuerint
454 636 596 701 delicta
628 638 759 700 uestra
790 639 979 718 tamquam
1012 654 1171 712 roseum,
1209 636 1319 699 uelut

164 746 291 810 niuem
311 744 504 823 exalbabo,
529 744 603 807 etsi
622 750 811 824 tamquam
831 744 1039 821 coccinum,
1064 743 1175 806 uelut
1195 742 1319 806 lanam

166 853 360 931 exalbabo,
398 852 431 916 in
462 870 553 916 roseo
589 850 774 933 sanguinem
809 849 979 913 ostendens
1011 849 1248 932 prophetarum,
1286 850 1318 913 in

167 960 296 1024 coccino
326 958 457 1035 domini,
486 961 523 1022 ut
553 957 723 1021 clariorem.
748 956 844 1020 etiarn
867 956 1010 1020 Micheas
1041 956 1079 1019 de
1106 956 1200 1020 uenia
1223 956 1319 1020 delio-

131 1070 288 1131 storum:
310 1066 396 1148 quis
421 1064 522 1143 deus,
544 1063 729 1146 quomodo
753 1066 816 1127 tu?
841 1064 1005 1127 eximens
1028 1063 1259 1145 iniquitates
1284 1067 1321 1126 et

164 1172 413 1255 praeteriens*
435 1170 652 1235 iniustitias
686 1169 854 1234 residuis
887 1169 1118 1234 hereditatis
1152 1173 1254 1247 tuae3
1284 1174 1322 1233 et

165 1299 234 1344 uon
253 1279 382 1343 tenuit
399 1279 434 1341 in
455 1277 717 1343 testimonium
736 1277 827 1340 iram
847 1295 962 1353 suam,
979 1275 1107 1359 quia†
1130 1277 1259 1341 uoluit
1284 1281 1322 1340 et

166 1386 471 1463 misericordiae,
497 1386 646 1448 auertet
670 1386 706 1447 et
737 1382 984 1447 miserebitur
1015 1384 1152 1459 nostri;
1183 1383 1321 1447 demer-

167 1499 233 1576 get
265 1494 408 1557 delicta
441 1495 571 1555 nostra
605 1493 641 1555 et
674 1490 866 1574 demerget
897 1490 933 1553 in
957 1490 1181 1573 profundum
1206 1491 1320 1555 maris

116 1619 146 1662 ro
168 1603 326 1683 peccata
359 1602 498 1664 nostra.
533 1598 589 1662 sed
622 1602 654 1663 et
687 1598 714 1661 si
746 1596 826 1661 nihil
858 1598 922 1661 tale
953 1598 985 1662 in
1015 1597 1176 1663 Christum
1205 1598 1322 1662 fuisset

166 1707 397 1787 praedicatum,
424 1706 571 1770 haberem
596 1705 693 1768 huius
717 1704 925 1787 benignitatis
950 1704 1092 1787 exempla
1114 1704 1147 1768 in
1170 1708 1320 1780 creatore,

167 1813 388 1894 promittentia
415 1812 494 1876 mihi
524 1816 556 1876 et
583 1812 614 1875 irr
644 1811 709 1874 filio
732 1812 832 1893 patris
858 1810 1011 1874 adfectus.
1041 1810 1135 1874 uideo
1158 1810 1320 1874 Niniuitas

169 1922 327 1984 scelerum
352 1920 476 1983 ueniam
502 1924 691 1983 consecutos
716 1938 734 1981 a
757 1921 909 1996 creatore,
933 1937 972 1981 ne
997 1918 1127 1981 dixerim
1150 1921 1228 1981 tunc
1248 1936 1322 1999 quo-

169 2044 231 2107 que
256 2045 273 2089 a
297 2025 435 2103 Christo,
460 2026 514 2107 qui
539 2044 557 2088 a
580 2023 751 2106 primordio
777 2024 897 2107 egitir
922 2024 1020 2105 patris
1040 2023 1173 2087 nomine.
1196 2024 1270 2105 lego
1291 2026 1323 2086 et

119 2158 148 2197 rs
169 2130 296 2195 Nathan
320 2132 505 2215 prophetam
532 2130 717 2213 agnoscenti
740 2131 846 2195 Dauid
871 2130 1023 2195 delictum
1047 2150 1140 2194 suum
1160 2130 1192 2193 in
1212 2128 1321 2195 Uriam

61 2223 97 2319 ἦ
169 2240 306 2303 dixisse:
332 2243 368 2302 et
388 2238 561 2303 dominus
587 2238 843 2303 circumduxit
863 2236 1045 2302 delictum
1064 2242 1170 2300 tuum
1194 2239 1231 2300 et
1253 2256 1323 2301 non

168 2345 358 2418 morieris:
389 2344 518 2428 proinde
548 2347 579 2408 et
604 2345 712 2408 Achab
739 2362 860 2427 regem,
889 2342 1040 2408 maritum
1068 2343 1204 2420 Iezabel,
1231 2362 1323 2407 reum

168 2451 334 2515 idolatriae
373 2455 405 2515 et
442 2451 606 2533 sanguinis
644 2451 822 2530 Nabuthae,
859 2450 986 2514 ueniam
1027 2449 1182 2513 meruisse
1219 2450 1324 2532 paeni·

167 2558 287 2622 tentiae
316 2557 453 2635 nomine,
478 2559 542 2640 <et>
565 2558 730 2636 Ionathan,
755 2558 857 2621 filium
886 2556 1002 2635 Saulis,
1031 2558 1184 2639 resignati
1211 2556 1323 2620 ieiunii

120 2694 150 2732 ao
170 2666 298 2746 culpam
334 2664 553 2747 deprecatione
588 2664 720 2729 delesse.
752 2664 829 2746 quid
862 2664 899 2726 de
931 2664 1001 2746 ipso
1031 2663 1149 2746 populo
1173 2665 1323 2740 retexam,

172 2773 292 2837 totiens
322 2771 512 2835 delictorum
539 2772 739 2856 indulgentia
765 2772 936 2835 restituto?
971 2770 1008 2833 ab
1038 2788 1074 2833 eo
1103 2768 1227 2833 scilicet
1255 2768 1323 2845 deo,

175 2878 231 2960 qui
247 2880 370 2942 mauult
384 2878 633 2942 misericordiam
649 2896 744 2959 quam
764 2877 955 2942 sacrificium
975 2880 1007 2939 ct
1026 2876 1200 2957 peccatoris
1219 2875 1324 2957 paeni-

174 2986 308 3049 tentiam
328 3005 424 3068 quam
443 2990 586 3049 mortem.
609 2985 698 3067 prius
719 2988 769 3049 est
786 2985 895 3067 igitur,
915 3002 1013 3067 neges
1033 2988 1206 3047 creatorem
1220 2981 1324 3046 indul·

176 3092 258 3156 sisse
287 3091 456 3175 aliquando
490 3092 616 3169 delicta,
649 3110 846 3173 consequens
876 3096 935 3168 est,
968 3094 1005 3154 ut
1033 3091 1180 3154 ostendas
1208 3108 1266 3153 nec
1294 3090 1325 3152 in

126 3222 155 3267 ss
176 3198 340 3265 Christum
372 3218 466 3263 suum
499 3198 562 3262 tale
595 3198 672 3280 quid
701 3218 773 3261 euru
801 3197 1014 3280 praedicasse:
1049 3201 1082 3260 et
1109 3197 1154 3260 ita
1177 3196 1324 3278 probabis

175 3326 292 3371 nouam
311 3307 406 3371 istam
428 3304 555 3385 Christi,
576 3304 651 3368 noui
670 3304 804 3380 scilicet,
824 3304 1065 3387 benignitatem,
1091 3303 1117 3366 si
1141 3303 1324 3385 probaueris

175 3430 234 3475 nec
258 3432 364 3495 parem
389 3412 523 3475 creatori
546 3430 602 3475 nec
626 3412 839 3493 praedicatam
859 3430 877 3475 a
895 3413 1044 3475 creatore.
1070 3409 1126 3473 sed
1145 3412 1178 3472 et
1195 3411 1326 3490 peccata

177 3518 338 3582 dimittere
362 3536 400 3580 an
425 3517 493 3580 eius
517 3518 621 3599 possit
644 3537 725 3594 esse,
757 3516 811 3600 qui
837 3520 968 3600 negetur
991 3521 1108 3593 tenere,
1138 3519 1171 3580 et
1193 3534 1231 3578 arr
1256 3514 1324 3579 eius

267 3707 468 3776 1]Es.1,18.
533 3709 558 3776 5]
579 3708 660 3763 Mich.
681 3710 705 3777 7,
727 3709 841 3763 18-19.
898 3708 943 3776 12]
964 3708 998 3761 cf.
1018 3708 1075 3761 Ion.
1096 3708 1121 3775 3,
1141 3708 1183 3762 10.
1235 3708 1278 3779 16]
1298 3707 1326 3761 II

175 3796 244 3865 Bag.
266 3796 307 3864 12,
329 3797 370 3849 13.
456 3797 499 3864 17]
520 3796 553 3849 ci.
572 3797 615 3851 ΙΙΙ
635 3796 702 3867 Reg.
722 3799 764 3858 21,
785 3799 829 3851 29.
917 3797 961 3867 19]
982 3797 1016 3852 cf.
1035 3799 1049 3852 1
1068 3798 1136 3867 Reg.
1158 3798 1199 3862 14,
1218 3796 1261 3851 27.
1281 3800 1324 3850 15.

176 3887 220 3955 22]
242 3886 275 3939 01.
296 3884 341 3939 Os.
362 3886 388 3954 6,
408 3886 436 3948 6;
458 3884 537 3939 Prou.
557 3886 600 3952 21,
621 3888 645 3940 3.
719 3887 752 3941 cf.
772 3888 818 3942 ΕΖ.
839 3888 882 3948 33,
904 3888 945 3940 11.

213 3994 228 4045 'i
253 3992 343 4045 uoluit
368 3997 396 4046 et
419 3992 488 4058 MR,
513 3991 601 4046 uoluit
624 4010 682 4045 esse
706 3992 843 4059 Oeblcrua,
867 3992 961 4045 uolens
986 3996 1027 4044 cst
1043 3995 1114 4060 fort.
1139 3991 1189 4055 (ὅτι
1206 3990 1325 4062 θελητὴς

177 4080 267 4143 erem
286 4079 366 4149 toria)
426 4082 661 4135 Birrisericordiae
680 4082 722 4143 M,
751 4080 961 4135 misericordiam
991 4082 1061 4149 Eup,
1089 4080 1326 4133 misericordemR

176 4171 262 4239 101190
349 4169 488 4241 demerget
504 4171 566 4232 (bis)
588 4171 675 4222 Pam:
701 4170 835 4239 dimergat
857 4171 920 4223 MR
987 4168 1183 4238 9profundu1u
1203 4170 1245 4232 M,
1265 4186 1326 4237 pro-

177 4258 261 4311 fundo
280 4258 316 4322 R,
336 4258 470 4329 profunda
488 4260 560 4311 Pam
645 4260 677 4311 14
697 4260 743 4327 qui
761 4260 832 4315 MR.
854 4260 917 4329 quia
939 4256 990 4310 Gel
1007 4256 1092 4326 rarrlpo
1175 4258 1208 4311 lu
1227 4265 1256 4310 et
1275 4258 1326 4309 ad·

179 4347 239 4401 didi
319 4348 457 4400 ionatharu
478 4348 513 4401 M
575 4350 609 4401 24
629 4350 670 4401 est
689 4348 772 4401 deleri
790 4349 853 4401 urrlt
870 4348 926 4416 Rq
