3250 4959
347 460 411 523 374
571 454 687 521 Quinti
707 455 851 525 Septimi
870 456 1044 509 Florentia
1062 454 1264 508 Tertulliani

346 652 440 716 modo
464 655 572 716 noster
595 654 653 715 est.
675 649 776 733 igitur
800 667 1019 731 quaecumque
1044 648 1171 733 exigitis
1195 649 1252 713 deo
1272 648 1378 733 digua,
1402 648 1497 712 habe·

346 757 464 822 beentur
491 758 522 821 iu
549 760 638 839 patre
662 756 819 821 inuisibili
841 755 1163 841 incongressibilique
1185 758 1218 820 et
1239 755 1365 837 placido
1390 761 1433 827 et,
1460 759 1497 817 ut

346 865 392 927 ita
411 864 552 943 dixerim,
575 864 839 946 philosophorum
859 863 927 940 deo,
949 880 1167 944 quaecumque
1185 866 1290 926 autem
1310 865 1349 926 ut
1366 862 1498 946 indigua

345 970 587 1053 reprehenditis,
616 970 852 1053 deputabuntur
879 970 912 1033 in
940 970 1006 1035 tilio
1031 972 1063 1033 et
1085 970 1156 1034 uiso
1180 974 1212 1034 et
1235 970 1343 1034 audito
1368 972 1402 1033 et
1425 988 1497 1034 cou-

347 1096 469 1160 gresso‚
494 1077 610 1142 arbitro
629 1077 729 1159 patris
750 1079 782 1141 et
800 1076 957 1153 ministro,
980 1077 1135 1141 miscente
1152 1076 1184 1139 iu
1204 1076 1377 1159 semetipso
1395 1075 1498 1140 homi·
1524 1094 1536 1133 s

347 1203 418 1248 uem
444 1188 475 1248 et
499 1184 604 1261 deum,
627 1184 659 1247 in
683 1183 859 1247 uirtutibus
883 1182 988 1258 deum,
1011 1182 1043 1247 in
1067 1182 1300 1265 pusillitatibus
1323 1182 1496 1250 homiuem.

346 1295 383 1353 ut
401 1292 527 1353 tautum
546 1288 667 1354 homiui
691 1289 832 1353 conferat
855 1291 1008 1369 quantum
1032 1287 1091 1353 deo
1115 1288 1260 1354 detrahit
1283 1291 1389 1352 totum
1412 1288 1497 1352 deni-

348 1415 409 1479 que
438 1395 487 1459 dei
515 1396 578 1460 mei
607 1414 702 1477 penes
731 1414 790 1459 uos
822 1394 959 1459 dedecus
993 1398 1226 1461 sacramentum
1251 1398 1309 1458 -est
1339 1394 1497 1458 humanae

347 1503 472 1567 salutis.
506 1502 754 1567 conuersabatur
782 1500 861 1565 deus
889 1502 1069 1584 (humane)
1092 1504 1128 1565 ut
1151 1501 1246 1566 homo
1270 1500 1378 1565 diuino
1404 1520 1497 1585 agere

348 1609 523 1673 doceretur.
558 1628 593 1673 ex
622 1628 721 1690 aequo
751 1608 866 1693 agebat
894 1609 972 1673 deus
1001 1628 1072 1673 cum
1102 1608 1239 1686 homine,
1271 1611 1310 1671 ιιι
1336 1608 1434 1673 homo
1462 1628 1495 1673 ex
1515 1629 1536 1666 a

347 1734 448 1797 aequo
478 1735 571 1799 agere
601 1734 672 1780 cum
704 1715 762 1779 deo
786 1717 906 1796 posset.
936 1715 1014 1779 deus
1037 1714 1176 1798 pusillus
1199 1713 1350 1779 inuentus
1374 1719 1436 1791 eet,
1462 1720 1498 1779 ut

347 1821 442 1886 homo
467 1821 624 1886 maximus
647 1820 746 1884 fieret.
777 1820 832 1902 qui
855 1822 953 1885 talem
977 1820 1072 1884 deum
1096 1820 1287 1904 dedignaris,
1312 1820 1432 1899 nescio,
1461 1841 1496 1885 ao

348 1946 383 1990 er
415 1926 476 1991 fide
510 1927 618 1991 eredas
652 1926 745 1990 deum
779 1925 972 1991 crucifixum.
1011 1930 1128 2008 quauta
1163 1927 1272 2008 itaque
1302 1930 1496 2009 peruersitas

347 2037 455 2097 uestra
483 2052 558 2117 erga
584 2036 756 2115 utrumque
785 2033 927 2097 ordinem
958 2034 1129 2097 creatoris?
1155 2033 1293 2099 iudicem
1318 2053 1393 2099 eum
1417 2034 1497 2098 desi-

348 2141 463 2222 gnatis
496 2144 528 2204 et
561 2141 761 2205 seueritatem
794 2138 911 2203 iudicis
939 2138 1114 2204 secundum
1142 2142 1256 2204 merita
1282 2158 1452 2205 causarum
1474 2161 1495 2204 s
1512 2162 1534 2199 u

347 2249 574 2329 congruentem
592 2266 648 2329 pro
668 2246 803 2311 saeuitia
828 2246 1036 2328 exprobratisr
1061 2246 1154 2311 deum
1178 2247 1336 2332 optimum
1360 2248 1496 2331 exigitis.

347 2355 379 2415 et
397 2353 560 2417 lenitatem
580 2354 648 2417 eius
668 2353 859 2436 benignitati
882 2360 1120 2437 coagmentem
1138 2372 1195 2435 pro
1214 2356 1310 2437 captu
1334 2354 1495 2418 mediocri·

346 2458 422 2523 totis
441 2460 597 2524 humanae
612 2460 767 2524 deiectius
783 2462 1013 2540 conuersatem‚
1028 2464 1066 2524 ut
1079 2460 1289 2543 pusillitatem
1304 2459 1496 2543 depretiatis.

346 2584 402 2629 neo
422 2586 557 2650 magnus
580 2566 674 2631 uobis
697 2567 804 2650 placet
826 2585 884 2630 nec
907 2566 1062 2639 modicus,
1085 2585 1143 2631 nec
1166 2566 1261 2631 iudex
1283 2585 1342 2630 neo
1365 2567 1495 2632 amicus.

347 2672 433 2754 quid,
467 2674 494 2737 si
527 2692 610 2738 nuuc
639 2674 749 2738 eadem
784 2676 816 2737 et
844 2674 875 2736 in
905 2676 1011 2737 uestro
1040 2672 1335 2756 deprehendantur?
1357 2674 1532 2738 iudicema

346 2778 474 2861 quidem
507 2786 539 2843 et
570 2780 662 2843 illum
692 2798 762 2844 esse
790 2780 852 2843 iem
884 2779 1083 2844 ostendimus
1112 2780 1142 2843 in
1170 2780 1280 2843 libello
1310 2800 1369 2845 suo
1398 2786 1431 2845 et
1458 2781 1494 2843 de

345 2884 453 2948 iudice
478 2887 657 2951 necessarie
690 2906 840 2951 seuerum
873 2891 907 2952 et
934 2886 973 2949 de
999 2906 1112 2951 seuero
1142 2886 1267 2951 scilicet
1295 2906 1439 2962 saeuum,
1468 2887 1494 2951 si

346 2996 452 3055 tamen
477 3012 618 3057 saeuum.

392 3099 445 3161 28.
478 3097 571 3162 Nunc
600 3103 632 3162 et
656 3098 694 3162 de
717 3098 951 3180 pusillitatibus
980 3102 1012 3163 et
1039 3098 1294 3181 malignitatibus
1318 3100 1494 3183 ceterisque

347 3205 431 3269 notis
451 3210 486 3268 et
500 3206 569 3287 ipse
589 3206 741 3270 aduersus
761 3206 955 3269 Marcionem
975 3207 1143 3270 antithesis
1162 3208 1304 3271 aemulos
1322 3206 1448 3271 faciem.
1467 3208 1493 3270 si
1509 3224 1532 3262 ιε

347 3312 507 3394 ignorauit
527 3311 605 3376 deus
629 3330 720 3375 meus
746 3330 816 3375 esse
841 3314 939 3375 alium
964 3331 1059 3394 super
1083 3330 1127 3389 se,
1152 3312 1247 3376 etiam
1271 3317 1348 3377 tuus
1368 3315 1492 3378 omuino

347 3437 407 3480 nou
437 3418 511 3482 sciit
539 3437 609 3481 esse
639 3418 736 3481 alium
765 3418 847 3482 iufra
875 3438 919 3482 se.
953 3419 1028 3500 quid
1057 3418 1139 3483 euim
1167 3420 1213 3483 ait
1234 3420 1418 3484 Heraclitus
1439 3420 1492 3483 ille

346 3522 556 3587 tenebrosus?
587 3523 711 3586 eadem
747 3524 808 3587 uia
842 3542 988 3587 sursum
1022 3527 1058 3587 et
1090 3524 1274 3589 deorsum.
1304 3526 1438 3607 denique
1465 3527 1492 3591 si

436 3732 480 3799 28]
500 3731 628 3783 Heraclii.
649 3730 743 3799 fragm.
762 3730 797 3783 60
818 3730 858 3783 ed.
878 3730 963 3784 Diels.

383 3876 398 3927 ὃ
424 3874 450 3925 in
475 3873 623 3926 uirtutibus
652 3871 730 3925 deum
760 3889 810 3927 om.
836 3873 873 3925 M
928 3875 944 3927 9
973 3874 1185 3927 conuersabatur
1206 3874 1254 3942 1³³,
1284 3878 1493 3932 cousemabatur

346 3961 419 4015 rlllt1
501 3962 617 4014 humane
645 3962 745 4015 addidi
827 3961 918 4013 diuiue
946 3962 1016 4024 MF,
1045 3961 1139 4015 diuina
1165 3964 1285 4033 Rautpo
1351 3966 1383 4019 14
1411 3965 1493 4020 iudici

351 4050 405 4105 Ura
456 4051 488 4104 15
509 4051 641 4103 laeenam
660 4051 787 4119 aiprcoan':
807 4050 930 4103 iustitiae
950 4050 1071 4104 decidere
1127 4052 1161 4105 20
1179 4070 1249 4107 nunc
1271 4053 1340 4108 Urs:
1359 4074 1413 4109 non
1432 4056 1493 4109 MR

347 4140 382 4190 22
402 4138 507 4191 scilicet
524 4138 597 4193 Lot:
618 4140 687 4191 sicut
706 4139 776 4203 ltili,
801 4140 838 4191 sic
859 4143 886 4191 et
908 4138 1037 4193 (leobae
1108 4141 1143 4193 25
1166 4141 1225 4209 ipse
1243 4143 1291 4207 13³,
1314 4145 1403 4212 ipsum
1421 4146 1493 4198 olla*

348 4254 494 4307 antithesis
514 4256 556 4309 lll.
576 4254 736 4308 antitheseis
751 4254 786 4318 R,
806 4254 958 4307 antitheses
972 4255 1071 4321 reliqui
1106 4257 1140 4308 27
1155 4257 1219 4309 sciit
1230 4257 1264 4319 F,
1279 4217 1383 4313 soitiM
1394 4262 1413 4328 (i
1429 4261 1492 4313 odd.

347 4362 380 4399 cr.
392 4348 425 4410 1),
438 4345 518 4397 sciuit
528 4343 555 4397 R
565 4344 649 4411 arrrlpo
705 4342 768 4412 quid
779 4344 890 4411 scripsi:
901 4344 971 4413 ‹puod
982 4345 1043 4399 MR
1080 4346 1114 4398 28
1125 4346 1293 4401 tenebrosus.
1306 4348 1400 4402 eadem
1410 4352 1493 4419 aerrlpo
