3250 4959
269 392 315 461 VI
737 391 957 448 Praefatio.

269 590 405 655 nocetur
428 585 634 675 (langneiann
657 584 730 676 (Β),
761 586 882 654 rectius
908 590 1018 653 eutem
1044 585 1178 653 dicenda
1199 586 1422 668 Mesnartiane,

75 746 81 756 .
168 755 170 759 ,
268 692 303 761 iu
330 712 394 779 que
415 692 468 761 hic
489 692 559 761 illic
580 693 636 760 uel
656 693 739 761 inter
761 694 861 761 uerba
882 692 938 760 nel
958 694 992 760 in
1015 693 1158 779 margine
1185 696 1334 779 superest
1358 713 1423 761 me

269 800 373 876 moria
404 800 519 887 optimi
549 799 639 869 illins
672 798 792 867 codicis
824 799 900 866 libri
924 799 1121 887 Agobnrdini
1148 799 1265 881 affinis,
1297 819 1335 866 er
1360 819 1423 886 quo

270 907 410 994 primum
443 906 545 975 edidit
575 906 765 975 Martinus
798 906 969 975 Mesnart
1000 904 1043 993 (a.
1073 906 1175 991 1545)
1206 925 1322 974 nonem
1349 907 1424 975 illos

271 1012 461 1081 Tertulliani
483 1014 596 1096 libros,
616 1012 672 1099 qui
689 1013 832 1081 nondum
850 1012 1017 1080 exstcbant
1034 1014 1120 1098 apud
1136 1012 1365 1099 Rhenanum.¹)
1388 1032 1425 1080 er

270 1120 322 1188 bis
351 1121 429 1187 artis
453 1119 581 1188 criticae
605 1120 759 1189 subsidiis
783 1140 858 1187 cum
881 1120 922 1187 ad
944 1140 1026 1203 opus
1049 1120 1182 1201 accessi,
1209 1139 1273 1187 uua
1297 1124 1424 1206 praesto

271 1230 339 1295 erat
361 1227 638 1313 lientepessulaui
661 1226 780 1295 codicis
804 1225 934 1294 collatio
962 1225 1002 1293 ab
1025 1224 1175 1313 Angusto
1197 1225 1427 1293 Reifferscheid

271 1353 337 1419 qua
368 1334 494 1401 solebat
525 1333 693 1421 diligentia
723 1332 901 1421 elaborata;
932 1332 1073 1417 reliquos
1099 1332 1200 1401 libros
1227 1350 1338 1401 omnes
1365 1350 1425 1419 ego

270 1439 342 1525 ipso
365 1441 502 1523 excussi,
530 1441 686 1508 editiones
709 1457 787 1508 uero
809 1438 876 1505 iam
898 1438 937 1505 ab
962 1438 1098 1506 Oeblero
1127 1438 1261 1507 collatas
1284 1438 1425 1506 sednon

271 1546 393 1632 ubique
412 1566 476 1633 qua
494 1566 575 1633 opus
594 1550 662 1614 erat
678 1546 741 1613 fide
760 1564 911 1613 excussas
931 1544 1033 1613 denuc
1051 1544 1162 1633 relegi,
1179 1544 1209 1612 ei
1221 1546 1427 1633 potissimum

272 1650 461 1719 incumbens
479 1653 618 1739 negotio,
636 1655 675 1719 nt
693 1650 874 1719 accuratius
892 1670 989 1737 quarn
1006 1651 1146 1720 libuerat
1160 1649 1295 1719 Oeblero
1316 1650 1426 1717 distin·

273 1773 405 1845 guonem
427 1758 511 1825 inter
532 1754 675 1826 Rhenaui
697 1757 833 1841 primam
856 1759 891 1824 et
911 1757 1051 1823 tertiam.

318 1882 367 1949 An
399 1881 438 1947 de
469 1884 583 1958 natura
609 1879 740 1966 quidem
768 1883 802 1948 et
827 1878 946 1961 indole,
978 1878 1018 1946 de
1041 1878 1163 1966 origine
1185 1883 1219 1947 et
1241 1879 1429 1966 cognatione

273 1986 376 2054 totius
399 1986 497 2054 huius
519 1986 704 2055 recentioris
726 1983 876 2054 lectionis
898 1986 1079 2066 memoriae,
1113 1991 1146 2053 et
1171 2005 1269 2053 manu
1291 1986 1429 2070 scriptae

275 2096 308 2159 et
321 2092 354 2160 in
368 2092 564 2161 editionibus
578 2086 721 2161 Rheuani
739 2092 935 2179 superstitis,
955 2112 1030 2159 cum
1047 2092 1178 2160 uberins
1197 2092 1430 2177 disputauerim

273 2198 308 2267 ln
321 2200 582 2267 commentariolo
596 2198 770 2267 meodctis
778 2197 876 2267 dead
892 2198 981 2267 Cass.
995 2198 1252 2267 vindobonensis
1265 2200 1397 2279 inserto,
1403 2197 1431 2282 ¹)

274 2306 341 2373 iam
376 2306 509 2374 breuius
540 2306 653 2375 licebit
684 2306 835 2393 colligere
865 2326 947 2392 qnne
982 2306 1052 2373 illic
1087 2307 1251 2393 copiosius
1285 2306 1430 2373 inuenies

276 2414 421 2499 exposita
444 2419 478 2481 et
500 2414 696 2501 argumentis
720 2414 935 2499 comprobata.

321 2536 524 2624 Archetypus
543 2538 685 2605 omnium
706 2536 761 2623 qni
779 2536 875 2606 hodie
894 2538 1069 2621 supersunt
1086 2536 1209 2603 saeculi
1224 2540 1260 2603 et
1273 2535 1433 2603 undecimi

277 2646 311 2711 et
343 2644 448 2730 quinti
481 2643 597 2712 decimi
629 2644 776 2712 codicum
805 2644 884 2711 olim
906 2644 1008 2711 fuisse
1033 2637 1163 2710 uidetur
1182 2643 1217 2709 in
1238 2642 1435 2710 bibliotheca

278 2746 422 2817 coenobii
445 2748 676 2831 cluniacensis,
700 2752 846 2817 exaratus
868 2749 903 2816 in
926 2748 1051 2815 duobus
1070 2746 1303 2828 uoluminibus,
1327 2748 1431 2834 eqni·

276 2857 339 2925 bus
363 2858 498 2925 alterum
521 2860 605 2926 teste
627 2856 717 2923 illins
740 2857 953 2924 bibliothecae
976 2859 1086 2922 uetere
1113 2854 1295 2942 catalogo⁸)
1323 2856 1433 2923 decem

276 2964 462 3031 continebat
488 2964 679 3031 Tertulliani
707 2964 827 3048 scripte
858 2967 893 3029 et
923 2960 1163 3047 Apologeticum
1190 2962 1271 3042 eins,
1299 2964 1435 3029 alterum

279 3070 507 3157 septendecim.
530 3072 679 3138 adhunc
702 3071 911 3155 archetypum
934 3072 1116 3155 temporum
1136 3069 1307 3155 iniquitate
1326 3068 1434 3154 deper-

279 3170 385 3244 ditum
402 3178 472 3244 eine
488 3178 557 3243 nlla
570 3177 768 3245 dubitatione
787 3196 825 3244 er
842 3177 962 3245 nostris
980 3175 1145 3243 codicibus
1165 3174 1341 3243 deducendi
1359 3178 1434 3242 snnt

279 3283 643 3369 Montepessulauus
681 3287 714 3351 et
750 3284 995 3353 Florentinns
1030 3282 1109 3367 ΝΑ)
1141 3281 1315 3367 exprimere
1347 3281 1430 3348 enim

328 3581 350 3650 ἱ)
369 3581 403 3639 ni.
421 3580 477 3637 nol.
495 3580 509 3637 1
527 3580 613 3652 praei.
631 3596 658 3652 p.
677 3579 717 3637 IX
736 3597 795 3652 sqq.

326 3670 511 3741 ¹)Krs'tr'scbs
528 3668 710 3727 sormones
726 3670 777 3739 frte·
795 3668 850 3725 dest
866 3665 1434 3726 &amnemamnem

286 3758 591 3831 Tarbellica-Ausus&
607 3762 675 3815 eom.
694 3756 816 3817 oxum
835 3757 1015 3815 vindobonae
1034 3758 1114 3816 1900.

328 3846 351 3918 ⁸)
369 3847 404 3903 ci.
422 3846 538 3918 Dcls'sls,
551 3846 715 3903 loommin
733 3846 781 3903 des
797 3846 966 3903 manuscrits
983 3845 1018 3901 de
1034 3844 1067 3901 re
1079 3844 1262 3915 bsbliotbdguc
1278 3842 1436 3900 missale

328 3936 353 4010 ι)
369 3937 479 3993 Partem
493 3937 609 4008 priorem
623 3936 725 3992 codicis
738 3936 893 3991 Florentini
904 3934 938 3990 N
949 3952 981 3991 ex
994 3935 1055 4006 ipso
1068 3934 1178 3990 fluxisse
1190 3932 1433 4003 Montepessnlnno

284 4024 365 4083 docui
386 4023 530 4081 Kritircbs
555 4024 736 4081 Vorurbeiters
759 4042 785 4097 p.
809 4025 843 4081 11
867 4040 927 4096 sqq.
949 4024 1060 4096 utrique
1082 4026 1175 4079 sutem
1201 4018 1434 4077 ndunruerandurn

285 4130 346 4171 esse
373 4112 493 4171 codicem
521 4112 736 4169 Gorsiensem
757 4114 815 4169 iam
840 4132 895 4170 non
919 4113 1103 4185 superstitem,
1126 4128 1207 4183 quem
1228 4110 1258 4166 in
1279 4109 1364 4164 tertis
1384 4124 1435 4163 sua
1493 4120 1498 4133 ‘

285 4202 406 4260 editione
424 4202 583 4258 adornanda
604 4201 633 4257 in
655 4219 735 4258 nsum
757 4203 870 4260 uocauit
890 4202 993 4259 Beatus
1016 4202 1172 4267 Rhenanus,
1189 4198 1293 4255 ibidem
1310 4213 1433 4267 compro·

285 4292 381 4349 batum
398 4290 518 4365 reperies
536 4310 563 4364 p.
582 4290 662 4349 8-9.
