3250 4959
401 381 460 438 VII.
480 383 646 436 Aduersus
665 385 864 438 Marcionem
884 385 931 439 lib.
951 385 976 437 V
996 386 1108 440 13-14.
1259 393 1325 456 623

174 576 260 641 enim
292 577 417 642 ‘carnis'
448 579 618 660 posuisset,
643 599 705 644 non
729 583 761 644 et
784 581 939 662 ‘peccati’.
973 601 1044 646 oum
1069 602 1144 647 uero
1172 586 1250 648 tunc
1279 584 1325 648 sio

175 684 307 748 struxit:
354 683 465 750 ‘carnis
512 687 656 767 peccati,
703 691 735 749 et
784 688 995 751 substantiam
1042 689 1251 766 confirmauit,
1292 690 1326 752 id

175 795 385 869 sareanen,
411 795 443 854 et
461 792 701 856 similitudinem
726 793 764 856 ad
788 793 904 857 uitium
929 795 1125 859 substantiae
1148 797 1268 872 retulit,
1292 797 1324 858 id

176 899 227 961 est
255 897 293 959 ad
316 902 490 978 peccatum.
528 903 606 980 puto
641 919 725 963 nunc
758 899 1002 964 similitudinem
1035 902 1232 966 substantiae
1261 902 1324 966 dic·

138 1008 257 1066 stam:
287 1023 348 1068 non
372 1005 443 1068 ideo
472 1005 639 1087 negahitur
667 1007 865 1070 substantiae
894 1008 1021 1072 ueritas.
1049 1009 1117 1072 ‘cur
1140 1028 1213 1092 ergo
1238 1008 1324 1072 simi·

173 1111 227 1188 lis,
247 1111 307 1192 <si>
325 1116 431 1176 uera?
457 1113 530 1194 quia
553 1131 628 1177 uera
651 1113 790 1195 quidem,
815 1114 950 1178 sednon
970 1115 1158 1179 exsemine:
1180 1115 1218 1179 de
1237 1119 1323 1180 statu

174 1217 291 1281 similis
315 1221 347 1283 et
370 1237 455 1294 uera,
481 1218 518 1282 de
543 1239 640 1283 censu
663 1239 724 1284 non
749 1239 825 1284 uero
849 1220 1024 1285 dissimilis.
1050 1225 1188 1286 ceterum
1214 1221 1325 1286 simili·

174 1324 253 1388 tudo
268 1324 299 1387 in
314 1325 478 1390 contrariis
497 1326 585 1390 nulla
605 1329 661 1392 est.
683 1327 815 1408 spiritus
835 1346 896 1391 non
917 1327 1073 1391 diceretur
1091 1328 1194 1393 carnis
1214 1329 1322 1392 simili·

174 1431 264 1506 tudo,
289 1468 332 1477 -
357 1433 431 1513 quia
454 1452 511 1496 neo
535 1451 605 1496 earo
630 1432 874 1497 similitudinem
899 1433 1030 1516 spiritus
1055 1438 1182 1516 caperet
1207 1434 1324 1498 -sed

131 1557 156 1596 ιο
174 1537 365 1618 phantasma
380 1537 548 1615 diceretur,
569 1540 595 1602 si
615 1539 647 1602 id
667 1539 753 1621 quod
771 1560 833 1604 non
853 1543 921 1604 erat
941 1539 1120 1604 uidebatur.
1145 1540 1323 1604 similitudo

175 1645 283 1708 autem
308 1644 432 1722 dieitur,
458 1665 529 1709 oum
555 1647 712 1728 estquod
736 1645 874 1710 uidetur.
900 1650 949 1710 est
972 1647 1066 1724 enim,
1092 1649 1167 1710 dum
1191 1647 1323 1711 alterius

176 1769 232 1832 par
251 1755 308 1816 est.
332 1751 520 1833 phantasma
539 1757 655 1830 autem,
681 1772 743 1834 qua
760 1754 821 1817 hoc
839 1755 964 1817 tantum
984 1756 1044 1831 est,
1063 1772 1125 1817 non
1144 1755 1194 1817 est
1212 1753 1323 1817 simili-

177 1857 263 1922 tudo.
332 1859 374 1923 Et
393 1859 444 1923 hio
463 1863 569 1923 autem
593 1859 661 1941 ipse
688 1859 877 1934 edisserens
897 1859 1056 1942 quomodo
1075 1860 1156 1923 nolit
1174 1878 1231 1924 nos
1252 1879 1324 1937 esse

177 1967 206 2026 in
236 1983 338 2042 carne,
368 1983 441 2028 cum
466 1967 566 2030 simus
589 1967 620 2030 in
645 1984 747 2044 carne,
777 1969 816 2030 nt
839 1965 962 2030 scilieet
985 1987 1044 2032 non
1071 1967 1173 2031 simus
1194 1967 1227 2029 in
1251 1986 1323 2048 ope-

128 2091 156 2130 m
174 2071 263 2136 ribus
279 2072 392 2150 carnis,
413 2072 552 2136 ostendit
565 2073 622 2136 hac
642 2071 763 2136 ratione
782 2072 965 2154 scripsisse:
986 2092 1076 2136 earo
1096 2076 1135 2135 et
1154 2071 1322 2155 sanguis

174 2197 341 2262 regnum
356 2178 418 2244 dei
432 2197 506 2243 non
522 2182 835 2261 consequentur,
854 2198 915 2242 non
931 2179 1143 2243 substantiam
1159 2178 1321 2252 damnem,

175 2286 232 2351 sed
264 2305 358 2369 opera
390 2285 473 2358 eius:
499 2306 588 2368 quae,
612 2287 717 2369 (quia)
740 2290 877 2368 possunt
899 2305 961 2350 non
985 2284 1111 2350 admitti
1135 2304 1153 2348 a
1175 2284 1267 2349 nobis
1290 2283 1321 2346 in

176 2412 265 2456 cerne
295 2392 398 2457 adhuc
425 2393 550 2474 positis,
579 2413 640 2456 non
665 2393 704 2458 ad
727 2396 850 2458 reatum
874 2392 1082 2469 substantiae,
1107 2390 1164 2454 sed
1188 2390 1227 2454 ad
1252 2410 1323 2454 con-

175 2500 365 2564 uersationis
375 2500 586 2583 pertinebunt.
642 2501 723 2565 Item
739 2501 766 2565 si
782 2518 929 2581 corpus
945 2499 1104 2580 quidem
1119 2500 1321 2562 mortuum

129 2623 155 2662 2⁰
174 2610 340 2688 propter
365 2605 571 2684 delictum,
595 2643 638 2652 -
663 2607 739 2670 adeo
763 2627 825 2671 non
846 2606 978 2682 animae,
1003 2604 1060 2668 sed
1077 2606 1217 2686 corporis
1236 2622 1321 2667 mors

175 2716 226 2778 est
256 2750 295 2760 —
329 2713 507 2795 spiritus
539 2715 672 2776 autem
700 2713 790 2777 uita
812 2716 981 2794 propter
1003 2711 1222 2786 iustitiam,
1248 2730 1320 2774 sess

175 2819 226 2883 cui
248 2839 334 2884 mors
360 2820 489 2883 obuenit
512 2823 640 2902 propter
664 2819 827 2897 delictum,
855 2818 888 2881 id
913 2821 963 2882 est
985 2818 1117 2899 corpori.
1150 2835 1211 2881 non
1237 2817 1320 2879 enim

173 2926 228 2990 elii
251 2926 327 3008 quid
354 2926 544 3000 restituitur,
577 2927 639 2989 nisi
663 2926 717 3007 qui
743 2924 825 2988 illud
853 2925 969 3001 amisit,
998 2927 1030 2988 et
1057 2922 1102 2986 ita
1130 2923 1188 2986 erit
1215 2941 1320 2986 resur-

117 3024 121 3032 ’
172 3034 281 3111 rectio,
305 3037 500 3098 mortuorum
527 3033 602 3097 dum
626 3035 685 3110 est,
707 3050 883 3114 corporum.
905 3050 976 3094 nam
998 3034 1030 3094 et
1049 3029 1228 3114 subiungit:
1254 3030 1320 3112 qui

263 3260 307 3327 131
332 3261 364 3313 cf.
389 3259 464 3312 Rom.
489 3259 513 3320 8,
539 3261 563 3313 9.
620 3259 664 3327 15]
689 3257 786 3312 1001.
813 3259 855 3320 15,
879 3258 921 3311 50.
979 3256 1094 3324 19-21]
1119 3254 1197 3308 Rom.
1221 3253 1246 3322 8,
1277 3254 1318 3308 10.

173 3349 216 3417 24]
235 3349 313 3402 Rom.
332 3349 357 3410 8,
379 3348 420 3401 11.

209 3471 223 3524 1
244 3489 304 3526 cum
324 3489 386 3524 uero
408 3473 551 3539 utrumque
571 3471 750 3524 substruxerit
768 3469 826 3523 Lol
899 3469 915 3520 e
935 3469 957 3520 si
977 3467 1077 3520 addidi
1140 3467 1155 3518 7
1175 3465 1272 3518 similis
1293 3467 1321 3517 ct

174 3560 244 3614 Lot:
263 3561 345 3614 simili
363 3561 412 3614 sed
430 3561 491 3614 Mu
590 3560 729 3613 dissimilis
747 3559 819 3621 MR,
839 3557 966 3611 dissimili
988 3556 1118 3609 Oehterus
1189 3555 1206 3608 9
1225 3553 1319 3607 simili·

172 3649 351 3703 tudoncmM
366 3652 446 3717 (corr.
466 3667 499 3703 m.
515 3651 540 3718 1)
592 3650 624 3703 13
644 3653 734 3702 eutem
749 3647 796 3704 lu.
817 3651 907 3700 autern
926 3649 969 3698 est
986 3643 1061 3698 Mle
1134 3660 1182 3697 nos
1202 3640 1318 3710 esseM,

173 3756 230 3792 esse
250 3757 298 3792 nos
317 3739 437 3809 Ruulpo
481 3740 514 3793 14
533 3740 559 3791 in
580 3739 705 3808 operibus
724 3736 835 3805 MR³F‚
855 3753 884 3788 ex
904 3735 1029 3804 operibus
1049 3733 1088 3788 R¹
1127 3733 1159 3785 15
1179 3731 1318 3800 scripsisse

170 3830 238 3897 <εθ>
248 3829 335 3898 sort:
348 3828 555 3897 <se>scripsisse
568 3829 648 3888 Pam,
667 3827 807 3895 scripsisse
823 3824 886 3877 MR
938 3824 970 3876 16
989 3839 1041 3874 non
1062 3823 1262 3888 consequentur
1275 3818 1317 3879 M,

172 3921 298 3989 consequi
322 3937 375 3973 non
399 3921 513 3989 possunt
535 3917 655 3984 Ruulpo
730 3916 761 3969 17
787 3915 851 3985 quia
874 3914 940 3974 cdd.
963 3911 1003 3966 12³
1079 3913 1114 3965 20
1136 3909 1318 3979 parenthesin

170 4006 298 4061 indicaui
406 4005 453 4060 sed
472 4004 520 4069 12³,
540 4009 568 4058 et
585 4003 657 4057 MR¹
750 4002 781 4056 21
807 4003 851 4069 (ei
870 4002 965 4069 utique
985 3999 1113 4052 obueniet
1131 3998 1189 4050 uita
1208 4001 1318 4065 propter

171 4095 324 4164 iustitiam>
341 4095 430 4164 oscppi.
454 4093 507 4148 Urs
552 4094 586 4146 23
606 4093 653 4146 alii
673 4090 737 4161 quid
755 4091 866 4158 scripsi:
888 4089 968 4143 alicui
982 4088 1045 4141 MR
1093 4087 1128 4139 24
1146 4086 1316 4151 resurrectio,

170 4187 336 4237 mortuorum
360 4183 421 4236 dum
447 4190 496 4250 est,
520 4197 659 4251 corporum
682 4182 794 4249 sempsi:
819 4180 978 4232 resurrectio
997 4180 1172 4237 mortuorum,
1193 4174 1255 4227 dum
1275 4177 1318 4226 est

171 4289 311 4342 corporum
330 4273 414 4343 culpo
486 4287 546 4324 nam
568 4271 595 4323 et
613 4269 655 4324 M.
674 4285 736 4322 nam
755 4268 782 4322 R
