3250 4959
524 440 554 509 1Ι.
566 441 620 505 ¹De
638 441 809 511 patientia
825 443 924 495 8-10.
1260 446 1302 509 15

154 637 424 721 temperandum:
441 656 497 701 our
517 636 621 711 enim,
644 636 854 701 immoderate
880 638 964 703 seras
986 636 1091 703 abisse
1115 656 1211 719 quem
1232 656 1304 701 mor

155 744 381 827 subsequeris?
406 726 767 827 eeternmimpatientia
784 744 817 807 in
835 742 1021 813 huiusmodi
1039 747 1073 808 ot
1091 743 1158 827 spei
1177 747 1304 809 nostrae

154 850 238 915 male
263 852 422 917 ominatur
445 854 477 917 st
499 850 595 915 fidem
618 851 865 933 praenominatur.
894 854 926 914 et
949 850 1115 916 Christum
1136 850 1304 927 laedimus,

155 977 231 1039 oum
250 960 402 1024 euooatos
421 976 566 1041 quosque
590 958 629 1028 ab
652 958 709 1023 illo
732 956 826 1041 quasi
847 957 1047 1023 miserandos
1068 976 1130 1023 non
1157 958 1305 1041 aequani-

101 1084 136 1135 ¹s
156 1063 253 1129 miter
275 1065 460 1146 eooipimus·
494 1064 627 1147 oupio,
659 1063 766 1146 inquit
789 1064 967 1147 apostolus,
1000 1064 1132 1146 reoipi
1159 1064 1238 1127 iani
1266 1070 1304 1128 et

156 1189 246 1235 esse
270 1189 355 1234 eum
379 1170 547 1236 domino.
572 1174 692 1253 quanto
713 1170 831 1235 melius
856 1170 996 1235 ostendit
1018 1173 1146 1235 uotum!
1172 1170 1304 1236 chunti-

155 1295 286 1341 anorum
312 1296 387 1362 ergo
410 1280 534 1356 uotum,
559 1278 587 1343 si
609 1277 690 1341 alios
714 1280 916 1344 ooneooutos
926 1277 1132 1397 impatienter
1148 1277 1304 1395 dolemus

156 1382 219 1466 ipsi
243 1385 397 1467 consequi
420 1384 579 1449 nolumus.

204 1492 255 1555 10.
281 1492 339 1557 sot
362 1495 395 1557 et
436 1492 517 1556 alins
546 1507 692 1557 summus
720 1490 940 1574 impatientiae
971 1442 1135 1568 stimulus,
1172 1490 1304 1555 ultionis

109 1616 137 1657 no
156 1596 269 1675 libido,
291 1598 457 1681 negotium
482 1616 595 1663 eureos
614 1600 671 1663 eut
689 1598 810 1681 gloriae
828 1600 884 1663 aut
869 1596 1054 1661 tmolitiae.
1078 1596 1134 1661 sed
1154 1600 1187 1661 et
1204 1596 1305 1681 gloria

155 1703 276 1785 ubique
300 1722 392 1777 ,uuna
423 1707 456 1769 et
486 1704 609 1769 malitie
640 1716 814 1786 numquam
846 1722 907 1769 non
935 1703 1062 1768 domino
1092 1702 1210 1780 odiosa,
1242 1703 1304 1768 hoe

156 1809 286 1892 quidem
317 1812 389 1877 loeo
422 1828 494 1875 eum
527 1811 672 1888 manime,
705 1829 778 1875 oum
812 1810 944 1875 alterius
975 1808 1101 1873 malitia
1131 1811 1306 1890 prouooata

155 1916 351 1999 superiorem
376 1936 411 1982 se
434 1918 468 1981 in
489 1916 687 2001 exsequenda
709 1918 831 1983 ultione
854 1918 1025 1981 constituit
1046 1920 1079 1980 et
1100 1934 1303 1980 remunerans

155 2042 291 2105 nequam
316 2024 460 2108 duplioat
482 2024 567 2106 qnod
590 2025 689 2089 semel
711 2023 833 2089 faotnm
857 2027 915 2089 est
943 2024 1146 2106 nlti01penes'
1168 2027 1304 2087 onorem

104 2150 136 2199 ,ιι
156 2130 310 2195 solarium
325 2130 455 2195 uidetur
474 2130 602 2210 doloris,
620 2148 718 2214 penes
737 2130 907 2195 ueritatem
925 2134 1084 2195 certamen
1103 2128 1306 2212 redarguitur

156 2238 378 2323 malignitatis.
411 2237 489 2320 quid
520 2236 604 2301 euim
636 2236 733 2303 reiert
763 2236 847 2301 inter
878 2238 1103 2319 prouoeontem
1133 2239 1169 2298 et
1191 2240 1304 2319 prono

156 2348 278 2419 eatum,
301 2344 364 2409 nisi
386 2344 471 2427 qnod
491 2344 548 2409 ille
572 2345 656 2427 prior
678 2345 710 2409 in
734 2344 891 2409 meletioio
915 2342 1172 2425 deprehenditur,
1193 2348 1227 2407 at
1250 2344 1304 2408 ille

155 2450 332 2533 posterior?
369 2454 477 2517 tamen
514 2456 650 2533 uterque
684 2450 764 2515 laesi
794 2450 940 2515 hominis
977 2449 1106 2514 domino
1137 2469 1211 2515 rens
1245 2453 1303 2527 est

157 2557 213 2639 qui
251 2576 344 2623 omne
376 2576 513 2640 nequam
545 2560 578 2622 et
608 2558 755 2640 prohibet
774 2562 821 2623 et
851 2558 990 2622 damnat.
1025 2557 1115 2624 nulla
1143 2558 1176 2620 in
1208 2558 1304 2621 male·

107 2684 137 2725 ao
155 2664 230 2729 ficio
267 2664 386 2728 ordinis
418 2664 498 2729 ratio
531 2668 591 2742 est,
628 2683 687 2731 neo
716 2666 808 2729 loous
840 2664 978 2729 secernit
1010 2663 1303 2746 qnodsirnilitndo

155 2771 330 2853 coniungit.
363 2790 419 2853 par
450 2771 571 2835 saelum
603 2790 659 2853 pur
690 2770 787 2835 habet
819 2770 979 2835 meritum.
1018 2769 1164 2835 absolute
1195 2770 1304 2852 itaque

154 2876 350 2960 praecipitur
390 2878 510 2943 malum
553 2878 637 2943 melo
679 2896 739 2942 non
780 2876 1025 2960 rependendum.
1072 2875 1243 2958 quomodo.
1271 2877 1304 2941 id

156 2982 412 3061 obseruahimus‚
445 2984 474 3047 si
505 2983 705 3049 fastidientes
734 3004 756 3049 se
783 2984 817 3047 in
843 2982 972 3047 fastidio
1001 2982 1132 3047 ultionis
1159 3000 1223 3048 non
1243 2984 1303 3047 eri-

156 3093 251 3173 mus?
286 3108 379 3172 quern
409 3093 515 3155 autem
545 3091 696 3155 honorem
718 3090 888 3154 litabimus
909 3089 1036 3155 domino
1060 3088 1130 3168 deo,
1162 3090 1190 3153 si
1213 3089 1305 3153 nobis

111 3215 137 3256 rs
156 3196 323 3261 arbitrium
375 3195 567 3261 defensionis
618 3196 894 3281 erroguuerimus?
947 3215 1005 3260 nos
1055 3200 1176 3278 putres,
1227 3216 1305 3259 uasa

157 3300 283 3366 fictilia!
314 3303 451 3367 seruulis
481 3302 598 3367 nostris
623 3301 864 3368 adsumentibus
893 3302 955 3365 sibi
983 3301 1022 3365 de
1045 3302 1207 3366 oensemis
1231 3302 1305 3365 ulti-

154 3586 156 3591 ·
248 3508 275 3579 5]
295 3508 366 3563 Phil.
387 3509 412 3577 1,
431 3511 474 3565 23.
548 3510 871 3581 asperrumum.
944 3512 991 3579 25]
1012 3509 1047 3564 ef.
1066 3510 1112 3563 Ps.
1132 3512 1158 3576 2,
1177 3512 1202 3563 9.
1222 3512 1304 3579 npoo

157 3600 183 3663 2,
204 3596 248 3651 27.
1153 3618 1157 3624 ·
1247 3634 1251 3644 .

193 3724 210 3775 6
230 3722 341 3777 domino
357 3722 426 3783 PM.
447 3723 548 3778 christo
562 3722 622 3777 NF
675 3726 690 3777 7
711 3740 774 3792 ergo
795 3728 889 3777 notum
908 3740 961 3778 om.
976 3724 1016 3779 11ι
1035 3724 1128 3784 (etiam
1146 3723 1178 3775 in
1196 3723 1226 3775 P
1240 3723 1307 3776 baec

156 3812 243 3867 uerba
261 3812 364 3867 deleuit
382 3813 546 3879 Rhmamee)
636 3816 666 3869 11
688 3830 760 3869 naua
779 3818 808 3868 et
825 3815 902 3869 Lat:
915 3831 971 3868 nna
989 3819 1017 3867 et
1035 3813 1134 3881 PMN,
1153 3807 1261 3882 unaque
1276 3812 1309 3866 'F

158 3904 191 3955 12
212 3918 271 3955 euru
289 3904 390 3972 (prius)
408 3920 459 3958 om.
479 3904 506 3957 B
579 3904 690 3959 alterius
708 3900 834 3967 PMNF‚
854 3905 888 3957 ab
908 3891 1061 3957 alterins'B
1118 3906 1148 3958 15
1169 3910 1306 3956 certamen

152 3990 346 4060 Btproertanr
363 3992 491 4063 PMNF,
511 3997 606 4047 eontra
627 3992 757 4047 Oetlesaes
821 3994 853 4045 17
873 3992 920 4046 ille
938 3994 1080 4062 posterior.
1100 3996 1222 4045 ettamen
1234 3993 1305 4059 sort.

153 4080 191 4134 -18
210 4084 303 4135 tumen
321 4081 527 4150 :jedenfallo
598 4084 716 4136 laesores
734 4083 764 4136 F
827 4083 860 4135 19
880 4098 986 4135 ornnem
1004 4081 1034 4135 Β
1095 4081 1131 4136 20
1148 4080 1252 4140 reoli
1272 4096 1305 4134 ne

154 4168 460 4237 Poenarum,
479 4171 618 4225 nonneF
697 4170 729 4223 21
754 4172 842 4224 uerbo
869 4170 1110 4239 par-meritum
1098 4187 1129 4222 m
1149 4170 1226 4223 libris
1243 4186 1305 4223 neos.

154 4264 218 4324 post
236 4257 439 4326 rependendum
459 4258 566 4313 tradito
585 4258 637 4313 boec
655 4260 789 4313 transtuli
842 4260 877 4312 23
897 4258 1067 4343 laconum
1041 4259 1167 4327 mpnooi:
1179 4257 1306 4311 maleficii

150 4346 330 4403 'iatereidisar
343 4351 419 4415 puto
495 4382 497 4388 -
