3250 4959
289 415 353 480 478
519 411 635 477 Quinti
655 410 797 478 Septimi
815 409 987 462 Florentia
1005 407 1207 460 Tertulliani

289 625 391 689 nsque
423 607 576 671 momenti
608 605 731 670 nullum
764 604 862 668 alium
895 604 989 668 deum
1022 601 1169 668 Christus
1202 602 1364 668 intulerat.
1405 604 1447 665 ut

291 731 399 779 omnes
432 713 498 777 illio
531 714 663 777 oreaton'
700 712 834 796 gloriam
871 711 1038 775 retulerint
1074 709 1230 774 dicentes:
1268 727 1446 794 magnus

290 821 515 903 prophetes
539 818 696 903 prodiit
718 819 756 883 in
781 817 910 896 nobis,
936 821 974 882 et
996 817 1179 900 respexit
1202 816 1300 881 deus
1320 835 1446 899 popu-

290 927 370 992 lum
395 946 518 992 suum.
544 926 615 1008 quis
640 925 741 990 deus?
769 926 882 1008 utique
906 925 998 990 cuius
1021 924 1159 1008 populus
1184 926 1217 987 et
1239 942 1257 986 a
1280 943 1345 1006 qno
1369 943 1446 1006 pro·

290 1034 413 1117 phetae.
446 1031 560 1114 quodsi
587 1031 635 1095 illi
663 1030 791 1112 quidem
820 1034 992 1094 creatorem
1024 1027 1255 1114 glorificabant
1289 1027 1445 1093 Christus
1477 1047 1492 1086 a

291 1159 367 1204 uero
392 1142 424 1202 et
447 1137 579 1202 audiens
604 1139 636 1201 et
659 1137 762 1202 sciens
785 1156 847 1200 non
871 1136 1057 1218 corrigebat,
1086 1139 1118 1198 ct
1142 1134 1271 1218 quidem
1293 1135 1326 1198 in
1351 1139 1443 1198 tanto

292 1248 481 1312 documento
510 1245 628 1308 mortui
657 1243 841 1308 resuscitati
874 1247 1045 1308 creatorem
1073 1242 1177 1308 adhuc
1201 1245 1338 1308 orantes.
1372 1243 1443 1306 sine

292 1353 388 1418 dubio
413 1357 551 1416 autnon
576 1351 674 1414 aliurn
699 1350 941 1414 circumferebat
963 1349 1058 1414 deum
1082 1369 1178 1431 quam
1202 1367 1296 1432 quem
1319 1349 1351 1412 in
1372 1350 1442 1414 suis

291 1459 452 1524 beneficiis
477 1464 573 1540 atque
596 1457 771 1521 uirtutibus
795 1456 941 1521 honorari
964 1455 1154 1532 sustinebat,
1182 1460 1239 1518 aut
1262 1455 1355 1539 quale
1379 1461 1442 1522 est.

292 1569 329 1630 ut
351 1565 424 1630 illos
448 1568 513 1629 tam
537 1564 592 1628 diu
611 1566 750 1628 errantes
770 1563 954 1638 sustineret,
979 1562 1020 1626 ad
1041 1563 1101 1626 hoc
1119 1563 1262 1638 ueniens,
1286 1565 1323 1626 ut
1342 1563 1441 1626 errori
1461 1584 1489 1620 lo

295 1693 401 1738 eorum
426 1672 626 1735 mederetur?
673 1669 734 1735 Sed
759 1670 1002 1734 ‘scandalizatur
1020 1668 1175 1733 lohannes
1199 1669 1317 1734 auditis
1340 1669 1444 1734 uirtu-

291 1780 378 1846 tibus
400 1777 528 1854 Christi,
549 1781 586 1841 ut
605 1777 757 1841 ulterius’.
778 1779 811 1840 at
830 1795 889 1860 ego
907 1776 1062 1840 rationem
1082 1775 1223 1840 scandali
1241 1775 1329 1859 prius
1349 1795 1443 1857 erpe-

292 1885 388 1962 diam,
422 1903 483 1967 quo
516 1883 642 1948 facilius
675 1882 828 1946 haeretici
856 1882 1041 1946 scandalum
1070 1881 1245 1964 explodam.
1276 1881 1348 1964 ipso
1376 1883 1443 1946 iam

292 1991 417 2056 domino
442 1991 610 2068 uirtutum,
635 2009 777 2054 sermone
802 1992 835 2054 et
858 1989 974 2071 spiritu
996 1989 1107 2071 patris,
1128 1991 1277 2071 operante
1295 1989 1326 2052 in
1346 1989 1443 2053 terris

293 2104 324 2162 et
348 2097 548 2181 praedicante
572 2116 700 2162 necesse
725 2100 792 2160 erat
815 2097 992 2178 portionem
1016 2098 1149 2178 spiritus
1169 2098 1279 2175 sancti,
1303 2115 1385 2178 quae
1405 2116 1444 2160 ex
1464 2115 1490 2153 ιε

292 2206 393 2270 forma
429 2204 606 2288 prophetici
643 2203 765 2268 moduli
802 2204 834 2267 in
867 2204 1004 2268 Iohanne
1042 2206 1149 2287 egerat
1184 2208 1444 2287 praeparaturam

292 2312 417 2374 uiarum
449 2311 689 2389 dominicarum,
727 2309 896 2374 abscedere
928 2312 992 2375 iam
1025 2311 1063 2374 ab
1095 2310 1244 2387 Iohanne,
1280 2309 1443 2374 redactam

294 2417 419 2481 scilicet
445 2418 477 2480 in
508 2417 670 2482 dominum
698 2421 735 2481 ut
762 2417 794 2481 in
823 2419 994 2482 massalem
1024 2437 1114 2482 suam
1138 2437 1305 2482 summam.
1333 2417 1444 2498 itaque

293 2524 459 2602 lohannes
493 2525 669 2587 communis
697 2523 761 2588 iam
790 2525 884 2588 homo
913 2528 946 2588 ct
969 2543 1053 2589 unus
1082 2523 1119 2588 de
1151 2523 1255 2599 turba,
1288 2524 1443 2588 scandali-

294 2629 425 2694 zabatur
443 2629 582 2713 quidem,
603 2631 659 2694 sed
682 2649 745 2712 qua
767 2631 874 2706 bomo,
898 2650 959 2694 non
984 2650 1047 2713 qua
1070 2631 1169 2695 alium
1188 2629 1352 2695 Christum
1370 2650 1444 2713 spe
1462 2649 1489 2685 aa

293 2756 364 2802 rans
393 2738 444 2802 uel
471 2737 672 2822 intellegens,
705 2737 759 2819 qni
787 2755 890 2818 neque
917 2737 1090 2821 <haberet>
1112 2737 1196 2801 unde
1220 2741 1370 2819 speraret,
1405 2741 1444 2801 ut

293 2842 370 2907 nibil
396 2843 470 2907 noui
495 2842 660 2907 docentem
678 2845 731 2908 uel
750 2847 941 2925 operantem.
963 2862 1056 2908 nemo
1074 2842 1247 2908 haesitabit
1264 2844 1303 2907 de
1321 2843 1442 2926 aliquo,

295 2969 388 3032 quern
417 2949 492 3014 dum
520 2951 582 3014 soit
609 2969 669 3013 non
698 2969 767 3014 esse
791 2968 849 3014 nec
872 2954 979 3030 sperat
1002 2968 1059 3014 nec
1081 2949 1254 3033 intellegit3
1282 2950 1442 3015 lohannes

295 3061 401 3120 autern
425 3059 530 3121 certus
555 3059 622 3120 erat
644 3057 800 3121 neminem
826 3056 921 3120 deum
945 3061 1068 3139 praeter
1091 3062 1273 3132 creatorem,
1303 3057 1356 3121 uel
1378 3076 1442 3139 qua

293 3163 442 3240 ludaeos,
452 3164 507 3245 <ne
522 3163 641 3245 dicam>
652 3163 746 3227 etiarn
756 3164 935 3246 prophetes.
944 3165 1037 3245 plane
1046 3163 1173 3228 facilius
1187 3164 1258 3246 quis
1269 3163 1443 3229 haesitabit
1459 3181 1485 3220 2⁵

295 3270 333 3334 de
349 3289 396 3346 eo,
412 3289 505 3350 quern
525 3289 598 3333 curn
617 3269 697 3334 sciat
713 3288 793 3346 esse,
809 3289 847 3333 an
861 3270 931 3352 ipse
946 3271 999 3346 sit,
1014 3270 1144 3334 nesciat.
1164 3271 1225 3334 hoc
1238 3269 1338 3354 igitur
1352 3273 1440 3334 metu

296 3381 328 3440 et
350 3375 519 3442 lohannes:
552 3379 594 3440 tu
619 3395 669 3451 es,
696 3375 810 3458 inquit,
840 3377 909 3457 qui
935 3376 1064 3454 uenis,
1092 3376 1284 3440 analium
1314 3395 1439 3458 expec-

295 3485 440 3546 tamus?
456 3481 643 3564 simpliciter
656 3482 826 3563 inquirens,
837 3501 875 3546 an
890 3482 959 3564 ipse
973 3482 1126 3560 uenisset,
1138 3501 1232 3566 quern
1246 3482 1439 3565 expectabat.

386 3639 413 3708 2]
431 3637 494 3692 Luc.
511 3639 534 3704 7,
552 3639 592 3692 16.
631 3637 900 3706 illel.Luc.i,20.
938 3639 1188 3708 lo]cf.blal.3.1.
1225 3639 1440 3709 2illrnc.7,l9.

333 3763 345 3815 1
368 3761 446 3814 deum
464 3761 577 3828 scripsi:
595 3761 719 3814 dominus
734 3761 796 3816 MR
834 3763 866 3814 12
882 3766 911 3814 at
923 3779 974 3830 ego
988 3763 1119 3816 rationem
1133 3763 1182 3825 12³,
1202 3761 1439 3817 addecorationem

296 3849 370 3904 MR²
424 3851 618 3918 primoralis
663 3852 695 3904 15
711 3867 779 3920 quac
795 3851 951 3909 exploro.
972 3869 1040 3922 qnae
1060 3853 1201 3922 etF,qui
1217 3851 1297 3906 etR¹
1344 3855 1377 3906 18
1392 3852 1440 3906 do·

295 3941 397 3992 minum
416 3938 463 4000 lu,
484 3939 592 3990 domino
611 3939 685 3993 MR¹
741 3941 773 3992 19
788 3957 857 3993 unus
875 3941 967 4008 (iarn)
981 3940 1013 3993 de
1027 3940 1099 3993 Pam
1157 3940 1392 3995 scandalizabatur
1404 3941 1439 3999 R.

296 4027 515 4080 scandalizabant
530 4028 567 4079 M
617 4029 652 4081 ‘20
672 4027 788 4098 quidem.
809 4029 856 4081 sed
876 4045 929 4097 qua
947 4029 1037 4095 homo,
1055 4046 1110 4082 uon
1128 4030 1242 4098 compsi:
1262 4029 1372 4099 quidem
1387 4046 1441 4099 qua

296 4115 385 4172 horno.
401 4115 448 4168 sed
463 4133 514 4168 non
529 4116 591 4170 MR
628 4117 660 4169 21
675 4116 787 4171 haberet
802 4117 903 4170 addidi
956 4117 1112 4185 undeMR,
1131 4117 1247 4172 cundem
1260 4118 1320 4172 Lot
1359 4120 1440 4173 asne

297 4203 384 4256 dicam
404 4204 503 4257 addidi
521 4209 565 4270 (ne
585 4205 671 4258 dicam
687 4207 768 4259 etiam
788 4209 823 4274 cf.
840 4211 909 4273 384,
923 4210 972 4270 13,·
991 4209 1059 4274 387,
1079 4211 1139 4272 23.)
1212 4209 1273 4278 quis
1291 4207 1441 4262 haesitabit

295 4292 407 4360 scripsi:
426 4293 503 4360 quasi
522 4293 669 4345 lraositouit
688 4294 749 4347 MR
804 4295 838 4348 27
858 4300 1030 4364 expectamus
1048 4295 1091 4356 M.
1109 4313 1247 4365 speramus
1265 4295 1294 4352 R
