3250 4959
349 431 409 485 Vll.
429 432 597 484 Aduersus
616 431 816 484 Marcionem
835 430 881 483 lib.
901 430 929 485 ll
947 433 990 484 22,
1009 430 1056 487 lib.
1075 430 1118 484 III
1138 432 1160 483 l.
1267 436 1329 500 377

178 627 313 703 ratione,
333 627 525 691 modulatus.
546 646 640 707 quarn
661 626 699 690 ob
720 644 795 701 rem,
817 626 1161 690 inconsiderantissime
1180 627 1331 703 Marcion,

179 735 282 798 alium
307 734 400 797 deum
424 735 505 799 lucis
526 734 703 798 ostendisse
724 731 877 797 debueras
902 733 999 795 alium
1023 752 1099 797 uero
1123 734 1332 805 tenebrarum,

180 859 244 921 quo
274 840 401 903 facilius
438 840 536 905 alium
570 839 721 904 bonitatis
760 840 858 903 alium
892 839 1072 903 seueritatis
1105 841 1330 923 persuasisses.

181 950 325 1011 ceterum
350 948 418 1011 eius
443 948 503 1011 erit
526 946 706 1010 antithesis.
732 945 823 1010 cuius
849 951 898 1011 est
922 946 1008 1009 etin
1032 947 1159 1010 mundo.

146 1150 161 1189 5
591 1136 718 1189 LIBER
737 1136 925 1190 TERTIVS.

230 1264 256 1327 1.
283 1226 468 1328 Secundum
493 1263 633 1347 uestigia
656 1262 779 1346 pristini
806 1262 920 1345 operis
950 1262 1034 1344 quod
1058 1264 1211 1327 amissum
1235 1266 1330 1328 refor-

181 1388 268 1432 mare
292 1388 542 1452 perseueramus,
568 1370 629 1432 iam
654 1370 726 1433 hinc
751 1369 826 1433 ordo
851 1370 888 1432 de
914 1368 1051 1445 Christo,
1074 1370 1151 1433 licet
1175 1388 1210 1432 ex
1234 1370 1330 1434 abun·

181 1474 271 1539 danti
294 1481 368 1559 post
391 1478 556 1541 decursam
581 1476 795 1541 defensionem
822 1477 930 1540 unicae
959 1477 1148 1541 diuinitatis.
1178 1477 1256 1541 satis
1286 1482 1330 1541 et·

182 1582 266 1645 euim
281 1583 529 1665 praeiudicatum
549 1587 599 1647 est
613 1584 774 1649 Christum
791 1602 851 1647 uon
867 1584 997 1647 alterius
1012 1583 1062 1646 dei
1080 1583 1329 1668 intellegendum

133 1711 161 1749 ιο
181 1708 278 1771 quarn
303 1689 462 1765 creatoris,
488 1708 558 1753 cum
584 1688 828 1753 determinatum
853 1694 902 1753 est
926 1690 1022 1754 alium
1051 1690 1145 1754 deum
1174 1707 1235 1754 non
1264 1709 1329 1753 cro·

182 1795 320 1861 cendum
357 1799 481 1877 praeter
517 1800 701 1873 creatorem,
739 1816 833 1879 quem
872 1797 948 1860 adeo
987 1796 1133 1861 Christus
1171 1796 1330 1877 praedica-

181 1903 267 1966 nerit
286 1906 317 1967 et
336 1901 484 1984 deinceps
505 1904 641 1985 apostoli
662 1923 720 1967 non
741 1904 872 1968 alterius
889 1903 1052 1969 Christum
1072 1903 1330 1967 adnuntiauerint

182 2028 277 2091 quam
309 2008 376 2073 eius
406 2008 466 2086 dei,
496 2028 589 2091 quem
619 2008 766 2073 Christus
795 2009 998 2092 praedicauit,
1028 2008 1061 2072 id
1091 2012 1139 2073 est
1166 2009 1328 2086 creatoris,

180 2120 219 2180 ut
238 2115 325 2180 nulla
343 2115 462 2179 mentio
483 2115 614 2179 alterius
635 2114 684 2178 dei
704 2118 798 2197 atque
822 2116 867 2178 ita
890 2134 946 2181 nec
971 2116 1101 2180 alterius
1122 2115 1240 2181 Christi
1264 2116 1329 2196 agi-

133 2248 160 2284 is
179 2225 250 2285 tata
282 2222 325 2286 sit
356 2228 428 2285 ante
461 2220 644 2286 scandalum
677 2222 858 2285 Marcionis.
903 2223 1055 2286 facillime
1086 2224 1146 2287 hoc
1178 2222 1331 2303 probatur

181 2327 428 2408 apostolicarum
444 2332 475 2393 et
488 2328 718 2393 haereticarum
738 2329 942 2393 ecclesiarum
962 2348 1106 2405 recensu,
1125 2329 1192 2392 illic
1207 2328 1330 2392 scilicet

181 2435 444 2517 pronuntiandam
464 2437 592 2519 regulae
611 2436 884 2510 interuersionem,
904 2436 959 2500 ubi
977 2436 1148 2516 posteritas
1163 2435 1329 2499 inuenitur.

181 2541 268 2623 quod
292 2542 387 2606 etiam
412 2543 513 2625 primo
537 2542 646 2606 libello
670 2542 799 2605 intexui.
824 2542 879 2605 sed
904 2546 935 2605 et
959 2562 1041 2606 nunc
1061 2543 1242 2626 congressio
1266 2542 1330 2605 ista

181 2666 312 2713 seorsus
335 2650 366 2713 iu
392 2648 553 2714 Christum
579 2649 791 2713 examinatura
815 2667 851 2712 eo
876 2650 985 2730 utique
1004 2650 1157 2731 proficiet,
1181 2653 1228 2725 ut,
1252 2649 1328 2712 dum

132 2780 161 2819 co
182 2754 346 2818 Christum
365 2756 536 2837 probamus
556 2756 714 2833 creatoris,
736 2756 781 2819 sic
802 2773 926 2836 quoque
946 2755 1023 2819 deus
1044 2756 1229 2819 excludatur
1246 2755 1329 2818 Mar-

181 2860 294 2926 cionis.
318 2860 409 2925 decet
432 2862 600 2926 ueritatem
624 2863 703 2926 totis
727 2861 850 2926 uiribus
875 2861 921 2925 uti
946 2862 1024 2941 suis,
1044 2880 1104 2926 nou
1128 2866 1166 2924 ut
1188 2862 1328 2925 laboran-

179 2972 257 3046 tenr,
283 3004 326 3014 —
351 2972 490 3033 ceterum
509 2969 541 3033 iu
561 2969 846 3052 praescriptionum
866 2969 1062 3051 compendiis
1087 2970 1252 3032 uincit-
1272 2969 1328 3032 sed

183 3073 358 3160 [decretum
384 3074 444 3160 est]
474 3080 509 3139 ut
534 3077 723 3159 gestientem
747 3075 866 3157 ubique
891 3076 1071 3139 aduersario
1097 3094 1268 3148 occurrere,
1296 3077 1328 3137 in

179 3186 307 3246 tantum
326 3182 453 3255 furenti,
469 3184 505 3244 ut
518 3180 645 3245 facilius
662 3180 911 3263 praesumpserit
925 3200 996 3245 eum
1012 3181 1138 3243 uenisse
1154 3178 1327 3256 Christum,

134 3312 162 3351 ee
184 3288 238 3370 qui
257 3306 429 3369 numquam
450 3288 492 3350 sit
511 3288 726 3369 adnuntiatus,
747 3306 841 3370 qrram
862 3307 944 3362 erint,
965 3288 1016 3369 qui
1039 3306 1162 3367 semper
1181 3286 1224 3349 sit
1241 3305 1329 3367 prae—

181 3394 317 3459 dicatus.

218 3586 420 3643 anxrmcrr
449 3588 637 3643 nuruusvs
665 3575 855 3644 irruerunt
883 3576 926 3641 tir
947 3588 983 3641 11.
1003 3588 1139 3643 rucrrrr
1159 3587 1219 3639 nra
1244 3587 1327 3641 rna-

182 3660 303 3771 Clllslll,
322 3704 440 3773 Explicit
463 3704 494 3770 Q.
524 3706 639 3773 Septimi
667 3706 802 3759 l'lorentis
826 3706 987 3759 Tertulliani
1012 3703 1140 3757 aduersus
1164 3704 1327 3756 Marcionem

182 3794 253 3847 liber
271 3794 416 3858 secundum
436 3794 532 3864 incipit
553 3795 645 3849 eiusde
664 3796 734 3849 liber
752 3797 849 3849 tertius
868 3796 898 3847 F
954 3796 970 3849 6
990 3794 1135 3848 secuudum
1155 3794 1274 3862 uestigia
1292 3793 1327 3859 R,

183 3889 215 3936 ut
234 3884 315 3936 etiam
334 3887 424 3936 autern
441 3884 482 3948 (in
497 3886 653 3938 maiuscula
671 3886 798 3952 nrirriato)
814 3886 851 3937 ll
900 3886 932 3938 18
946 3885 1059 3937 intexui.
1074 3884 1120 3936 sed
1135 3883 1181 3950 12³,
1196 3883 1327 3936 intexuis-

183 3969 313 4024 senam
387 3972 420 4023 19
439 3988 545 4025 seorsus
565 3973 607 4035 Μ,
626 3974 787 4027 seorsumlt
856 3974 890 4028 20
909 3970 1327 4035 exelndaturhiareionisMR³,

182 4060 329 4113 Marcionis
348 4059 505 4114 excludatur
522 4061 561 4115 R¹
631 4063 664 4115 22
679 4064 859 4131 parenthesin
877 4064 1005 4116 inei-iconi
1076 4062 1111 4115 23
1130 4062 1266 4115 decretum
1286 4069 1328 4113 est

182 4150 296 4203 seclusi:
321 4149 464 4203 uerborum
484 4151 606 4205 ordinem
625 4154 761 4206 inuertere
782 4154 841 4205 renlt
860 4169 916 4206 can
936 4153 983 4205 cler
1007 4153 1077 4205 Vliet
1096 4152 1146 4204 troc
1165 4152 1259 4204 niodo:
1280 4150 1327 4203 seri

184 4239 319 4291 decretum
345 4242 395 4303 est,
419 4248 473 4291 non'
496 4244 528 4291 nt
550 4240 726 4302 laborantem,
750 4242 835 4310 <sed>
859 4248 888 4295 ut
911 4243 1073 4309 gestientem
1097 4243 1141 4305 (z
1165 4244 1291 4292 ouantem
1302 4240 1326 4296 ’2)

183 4326 284 4395 ubique
304 4326 458 4381 aduersario
480 4345 616 4383 occurrere
