3250 4959
293 445 358 510 504
379 458 381 472 ¹
524 439 639 506 Quinti
660 439 801 510 Septimi
819 437 990 492 Florentia
1009 436 1213 491 Tertulliani

292 631 557 716 praedicationem
573 632 625 695 uel
639 629 788 713 uestigia,
807 649 863 712 per
879 647 958 712 quae
976 629 1136 710 sapientes
1155 632 1251 711 atque
1268 628 1443 710 prudentes

293 738 544 804 deducerentur?
578 755 771 821 quamquam
799 741 832 802 et
860 737 888 801 si
918 737 952 802 in
985 736 1092 820 aliquo
1125 735 1336 818 deliquissent
1366 754 1446 820 erga

292 845 387 910 deum
419 845 566 928 ignotum
597 863 688 928 pone,
721 863 803 908 nunc
830 846 953 923 notum,
985 861 1047 907 non
1079 847 1185 908 tamen
1218 843 1339 908 zeloten
1367 861 1445 907 eum

293 952 424 1036 experiri
448 951 643 1029 debuissent,
668 951 722 1034 qui
747 950 913 1016 dissimilis
932 949 1081 1015 creatoris
1100 949 1270 1016 inducitur.
1293 949 1396 1032 igitar
1415 948 1444 1013 si

291 1077 349 1123 nec
376 1058 525 1124 materias
554 1059 770 1141 praemiserat,
798 1059 831 1123 in
859 1058 976 1140 quibus
1004 1056 1125 1140 aliquid
1148 1054 1355 1132 occultasset,
1383 1074 1444 1120 nec
1474 1077 1489 1117 s

291 1184 362 1232 reos
385 1165 548 1244 habuerat,
573 1186 591 1230 a
614 1165 730 1247 quibus
755 1165 962 1243 occultasset,
985 1181 1043 1228 nec
1066 1163 1220 1228 debuerat
1247 1163 1444 1238 occultasse,

293 1272 387 1337 etiam
409 1271 436 1336 si
454 1271 630 1350 habuisset,
650 1272 712 1336 iarn
733 1289 790 1336 nec
808 1272 967 1336 reuelator
985 1271 1054 1353 ipse
1074 1270 1143 1348 erit,
1162 1270 1218 1352 qui
1238 1270 1445 1334 absconditor

292 1398 352 1444 non
384 1379 456 1456 luit,
496 1418 538 1428 —
571 1380 616 1444 ita
648 1397 705 1443 nec
739 1377 885 1444 dominus
919 1377 1000 1442 caeli
1031 1396 1089 1443 nec
1120 1382 1210 1460 pater
1241 1377 1361 1444 Christi
1399 1415 1444 1424 -

292 1484 348 1550 sed
375 1485 440 1564 ille,
468 1486 500 1550 in
529 1504 622 1568 quern
647 1488 834 1567 competunt
856 1485 970 1549 omnia.
1002 1503 1077 1548 nam
1104 1487 1137 1548 et
1159 1483 1328 1549 abscondit
1353 1503 1443 1567 prae·

291 1591 389 1658 misso
414 1593 619 1657 obscuritatis
646 1591 849 1674 propheticae
875 1591 1097 1667 instrumento,
1125 1590 1218 1656 cuins
1240 1590 1442 1655 intellectum
1460 1613 1490 1653 ro

291 1698 370 1762 fides
403 1701 576 1763 mereretur
616 1736 660 1746 -
697 1698 772 1762 nisi
809 1697 893 1762 enim
930 1696 1186 1776 credideritis,
1224 1716 1295 1763 non
1332 1698 1443 1762 intel-

290 1805 430 1889 legetis
454 1842 498 1854 -
521 1808 554 1869 et
575 1824 645 1871 reos
667 1801 780 1869 habuit
804 1805 963 1887 sapientes
987 1813 1082 1887 etque
1104 1803 1276 1887 prudentes
1299 1823 1338 1869 ex
1359 1804 1442 1886 ipsis

292 1912 439 1995 operibus
467 1917 517 1976 tot
549 1930 585 1976 ac
616 1911 714 1977 tantis
747 1910 990 1994 intellegibilem
1022 1912 1118 1976 deum
1149 1929 1211 1976 non
1242 1911 1442 1994 requirentes

291 2020 343 2083 uel
375 2037 538 2102 perperam
570 2017 602 2083 in
633 2016 726 2084 illum
759 2017 1020 2102 philosophantes
1049 2022 1081 2082 et
1110 2017 1235 2103 ingenia
1268 2018 1441 2084 haereticis

291 2125 593 2202 sumministrantes,
622 2129 654 2189 et
675 2124 852 2190 nouissime
876 2124 995 2189 zelotes
1020 2127 1078 2189 est.
1107 2123 1244 2206 denique
1273 2125 1351 2190 olim
1378 2125 1440 2190 hoc
1459 2140 1486 2182 ιε

290 2252 347 2314 per
368 2233 494 2296 Esaiam
518 2231 768 2309 contionabatur,
794 2231 878 2314 quod
903 2230 1047 2296 Christus
1072 2230 1264 2314 gratulatur:
1288 2231 1440 2313 perdam

292 2338 519 2421 sapientiam
560 2338 791 2421 sapientium
839 2341 878 2403 et
916 2337 1155 2421 prudentiam
1195 2337 1439 2419 prudentium

291 2445 431 2522 celabo,
457 2445 542 2510 sicut
564 2449 596 2510 et
619 2446 695 2511 alibi
715 2449 779 2510 tam
799 2445 1004 2511 abscondisse
1021 2445 1088 2528 (se)
1107 2463 1202 2528 qnam
1220 2445 1439 2510 reueleturnm

292 2571 362 2616 esse
379 2550 552 2635 significat:
578 2555 614 2616 et
633 2551 726 2616 dabo
746 2551 829 2616 illis
849 2551 1049 2618 thesauros
1070 2551 1326 2630 absconditos,
1345 2551 1440 2615 inui-

291 2660 427 2725 sibiles
461 2659 624 2742 aperiam
662 2659 755 2737 illis,
793 2663 827 2724 et
862 2679 988 2724 rursus:
1026 2659 1110 2741 quis
1148 2659 1248 2724 alius
1281 2658 1485 2723 disicieca

291 2767 402 2850 signa
451 2767 780 2849 uentriloquorum
832 2769 870 2830 et
910 2765 1169 2831 diuinationes
1225 2785 1266 2830 er
1316 2765 1437 2840 corde,

291 2877 467 2938 auertens
515 2873 551 2936 in
598 2873 814 2956 posteriora
859 2873 1054 2955 sapientes
1100 2876 1138 2936 et
1179 2873 1437 2956 cogitationes

291 2999 415 3046 eorum
434 2979 649 3044 infatuans?
666 2979 693 3043 si
712 2982 819 3044 autern
839 2983 871 3044 et
886 2979 1050 3044 Christum
1069 2999 1162 3044 suum
1182 2977 1439 3044 inluminatorem

290 3087 454 3152 nationum
479 3085 676 3170 designauit:
709 3085 821 3168 posui
847 3089 884 3148 te
911 3084 948 3150 in
977 3087 1097 3150 lucem
1122 3086 1328 3164 nationum,
1358 3104 1438 3167 quas

289 3194 533 3276 interpretamur
568 3193 600 3256 iu
638 3193 763 3257 nomine
800 3192 1018 3274 paruulorum,
1060 3212 1156 3258 sensu
1193 3191 1318 3258 scilicet
1352 3198 1436 3256 retro
1452 3207 1482 3248 aa

289 3297 440 3380 paruulos
464 3302 496 3362 et
519 3297 732 3380 imprudentia
754 3297 903 3376 infantes,
929 3297 993 3362 iarn
1011 3316 1087 3362 uero
1108 3301 1141 3362 et
1157 3297 1341 3362 humilitate
1363 3298 1439 3362 fidei

289 3405 435 3488 pusillas,
459 3403 585 3469 facilius
605 3403 715 3486 utique
736 3404 901 3469 credemus
921 3404 1055 3469 eundem
1074 3405 1170 3471 etiam
1187 3403 1331 3487 paruulis
1348 3423 1438 3470 reue·

288 3511 371 3576 lasse
394 3530 450 3594 per
474 3509 647 3588 Christum,
677 3509 732 3593 qui
756 3513 788 3574 et
810 3514 893 3576 retro
917 3511 1118 3576 absconderit
1140 3514 1173 3576 et
1194 3530 1250 3594 per
1273 3510 1437 3577 Christum

288 3617 516 3683 reuelationem
544 3615 768 3699 repromiserit.
798 3619 852 3681 aut
880 3617 908 3681 si
936 3617 1015 3682 deus
1038 3617 1209 3682 Marcionis
1238 3635 1285 3695 ea,
1314 3635 1438 3701 quaen

380 3757 424 3826 11]
445 3757 488 3810 Es.
509 3757 533 3822 7,
553 3756 578 3809 9.
626 3755 926 3824 wistremaro.
975 3757 1017 3825 15]
1038 3755 1070 3810 ci.
1091 3755 1173 3812 Dent.
1191 3757 1217 3822 b,
1236 3757 1280 3811 24.
1328 3757 1371 3826 16]
1391 3756 1437 3810 Es.

289 3846 396 3910 29,14.
453 3846 496 3916 le]
517 3845 561 3898 Es.
581 3847 624 3909 45,
645 3847 670 3898 3.
726 3845 769 3914 20]
789 3845 835 3898 Es.
855 3846 899 3911 44,
918 3846 961 3898 25.
1017 3847 1062 3915 24]
1082 3845 1192 3910 Es.49,
1212 3847 1238 3900 6.

325 3969 341 4022 2
362 3968 568 4036 deducerentur,
588 3985 750 4038 quamquam
770 3969 855 4037 cubo
923 3969 1083 4039 dignotum
1103 3987 1171 4039 pone
1190 3973 1235 4036 (ε
1253 3973 1348 4039 retro),
1365 3987 1438 4025 nnnc

288 4059 402 4126 scripsi.-
419 4059 554 4126 ignotum,
573 4075 642 4127 pone
661 4075 732 4112 nunc
751 4058 823 4118 MR.
842 4059 975 4127 ignotum,
994 4077 1065 4129 pone
1082 4063 1148 4114 tnnc
1165 4059 1221 4128 Re
1265 4061 1282 4113 6
1300 4060 1438 4114 reuelator

288 4146 324 4212 R,
339 4147 477 4200 reueletur
490 4147 555 4200 ΜΡ
589 4146 795 4200 iabsconditor
809 4147 845 4211 R,
860 4148 1020 4202 absconditu
1034 4149 1076 4210 Μ,
1092 4147 1312 4203 absconditurF
1347 4149 1378 4202 ll
1394 4151 1436 4203 in·

288 4233 422 4302 tellegitis
442 4235 478 4287 M
522 4235 723 4288 roseaceum·
768 4236 803 4288 20
823 4235 945 4289 dissiciat
962 4236 1000 4289 M
1047 4237 1081 4290 26
1099 4235 1226 4307 paruulos
1244 4237 1357 4305 seipsi:
1374 4253 1437 4306 par·

289 4339 338 4374 uos
358 4321 427 4389 MR,
447 4339 543 4392 paruas
563 4323 610 4386 R³,
631 4341 713 4394 paruo
732 4325 791 4378 aiere
810 4341 907 4394 pueros
925 4324 990 4392 Eup
