3250 4959
404 371 466 424 VII.
484 369 651 425 Aduersus
669 370 869 426 Marcionem
886 371 934 426 lib.
953 371 980 426 II
999 373 1077 428 5-6.
1250 378 1311 441 341

215 569 247 632 6.
262 567 323 632 Sed
342 567 489 650 quoniam
509 586 544 630 ex
558 567 620 632 boc
634 567 696 631 iam
711 567 929 651 intellegimur
948 587 984 632 eo
1005 571 1163 633 struentes
1183 569 1316 633 liberam

160 674 310 740 hominis
334 678 527 758 potestatem
550 675 672 738 arbitrii
697 676 757 750 sui,
786 679 823 738 ut
850 675 934 756 qrrod
963 675 991 739 ci
1021 675 1128 740 euenit
1155 692 1216 739 uon
1245 675 1314 751 deo,

162 781 228 844 sed
255 781 317 863 ipsi
345 780 459 845 debeat
486 781 675 863 exprobrari,
708 801 746 845 ue
774 785 808 845 et
833 785 869 845 tu
898 782 971 846 binc
998 782 1061 846 iam
1090 801 1230 864 opponas
1254 802 1315 846 non

162 888 214 951 ita
232 888 325 952 illum
345 888 472 952 institui
496 887 655 963 debuisse,
681 889 708 953 si
732 889 862 952 libertas
888 892 920 952 et
943 892 1084 971 potestas
1109 888 1230 951 arbitrii
1254 888 1317 951 exi·

122 995 254 1058 arrosa
270 995 378 1060 futura
396 1000 492 1072 esset,
515 996 575 1060 hoc
595 1015 720 1078 quoquc
743 996 832 1078 prius
858 995 1023 1060 defendam
1046 995 1092 1060 ita
1114 995 1240 1059 institui
1264 995 1315 1058 de-

163 1101 291 1178 buisse,
315 1122 376 1185 quo
395 1103 510 1167 fortius
529 1103 748 1167 commendem
768 1107 801 1168 et
818 1104 864 1167 ita
881 1103 1066 1168 institutum
1086 1107 1119 1166 et
1137 1102 1231 1185 digne
1256 1100 1314 1164 deo

162 1208 367 1284 institutum,
394 1209 518 1291 potiore
546 1212 675 1273 ostensa
703 1227 870 1283 sacoma,
903 1227 983 1289 quae
1009 1209 1056 1271 ita
1078 1207 1155 1272 fecit
1177 1207 1314 1270 institui.

163 1315 294 1379 bonitas
315 1315 365 1379 dei
385 1317 511 1380 stratio
531 1317 599 1380 eius
618 1316 693 1379 huie
713 1334 839 1398 quoque
857 1315 1005 1379 instituto
1024 1315 1314 1398 patrocinabuntur,

164 1423 201 1485 iu
220 1423 367 1486 omuibus
387 1423 604 1505 conspirantes
629 1423 714 1505 apud
737 1422 831 1486 deum
856 1425 1010 1487 nostrum.
1048 1440 1105 1485 nec
1127 1421 1207 1485 ratio
1232 1420 1314 1484 enim

110 1529 237 1593 rosina
264 1529 405 1594 bonitate
434 1531 515 1594 ratio
544 1534 595 1594 est
623 1549 680 1595 uec
703 1530 829 1594 bonitas
854 1529 921 1593 sine
945 1530 1065 1593 ratione
1089 1528 1224 1601 bonitas,
1252 1525 1313 1590 nisi

163 1635 249 1699 forte
267 1654 363 1717 penes
387 1635 482 1700 deum
500 1636 671 1700 Marcionis
694 1635 924 1700 inrationaliter
947 1636 1076 1710 bonum,
1102 1635 1186 1698 sicut
1209 1636 1313 1697 osten-

164 1741 284 1805 dimus.
307 1743 473 1823 oportebat
487 1742 581 1807 doum
596 1743 755 1826 cognosci.
773 1743 891 1807 bouum
906 1743 966 1806 boc
981 1741 1092 1824 utiquc
1108 1743 1140 1803 et
1153 1740 1314 1804 rationale.

164 1848 335 1929 oportebat
353 1848 484 1932 dignum
509 1849 629 1931 aliquid
653 1868 734 1927 esse,
760 1849 845 1932 quod
870 1851 963 1914 deum
988 1851 1202 1931 cognosceret.
1237 1846 1312 1929 quid

163 1957 234 2018 tam
264 1955 394 2038 dignum
421 1957 561 2039 prospici
588 1961 698 2038 posset
726 1975 821 2039 quam
848 1957 953 2041 imago
984 1955 1035 2020 dei
1059 1959 1090 2018 et
1114 1951 1312 2020 similitudo?

114 2085 144 2124 ra
165 2065 201 2124 et
227 2062 288 2126 boo
315 2063 433 2127 bouum
462 2064 529 2127 siue
553 2063 648 2127 dubio
674 2077 706 2128 ec
728 2064 889 2128 rationale.
927 2063 1093 2145 oportebat
1114 2062 1214 2145 igitur
1236 2060 1312 2122 ima-

164 2169 274 2252 ginem
302 2174 334 2233 et
361 2170 604 2234 similitudinem
633 2170 682 2234 dei
709 2171 801 2235 liberi
830 2170 952 2234 arbitrii
980 2173 1012 2234 et
1039 2189 1115 2234 suao
1142 2166 1312 2251 potestatis

163 2275 305 2350 institui,
324 2277 433 2359 inqua
451 2277 512 2340 boc
529 2277 635 2360 ipsum
653 2279 759 2360 imago
780 2282 813 2340 et
831 2276 1008 2342 similitudo
1028 2275 1079 2340 dei
1099 2275 1312 2356 deputaretur,

165 2381 290 2445 arbitrii
309 2382 433 2447 scilicet
450 2384 579 2448 libertas
599 2387 632 2450 et
648 2388 802 2466 potestas.
828 2384 858 2448 iu
879 2403 972 2466 quam
992 2403 1058 2446 rom
1079 2402 1114 2446 ea
1133 2378 1312 2444 substantia

165 2489 287 2551 homiui
307 2490 544 2555 accommodata
562 2496 621 2558 est.
641 2511 721 2573 quae
740 2491 836 2555 huius
857 2495 960 2555 status
981 2493 1076 2565 esset,
1096 2488 1231 2552 adflatus
1251 2485 1311 2558 dei,

114 2619 145 2658 ao
165 2595 279 2677 utique
305 2595 397 2660 liberi
425 2601 458 2660 ct
485 2617 561 2661 suae
588 2599 769 2681 potestatis.
807 2597 863 2663 sed
893 2601 924 2662 et
952 2598 1029 2661 alias
1055 2596 1146 2679 quale
1171 2597 1247 2668 erat,
1275 2595 1313 2654 ut

164 2703 268 2767 totius
282 2703 392 2768 mundi
405 2705 571 2787 possidens
586 2706 680 2770 homo
694 2724 754 2769 nou
770 2706 914 2787 inprimis
930 2705 1027 2768 animi
1041 2704 1090 2767 sui
1109 2700 1311 2784 possessione

164 2813 322 2894 regnaret,
369 2811 503 2875 aliorum
540 2813 688 2876 domiuus
726 2813 776 2877 sui
814 2813 975 2876 famulus?
1017 2811 1114 2875 habes
1151 2809 1249 2890 igitur
1281 2809 1314 2868 at

164 2917 341 2981 bonitatem
375 2916 425 2981 dci
457 2937 626 3002 agnoscere
659 2939 694 2983 er
727 2920 909 3003 dignatione
942 2923 973 2982 et
1000 2919 1153 2981 rationem
1186 2934 1221 2978 er
1250 2913 1312 2976 dis-

164 3024 333 3105 positione.
371 3025 441 3090 sola
469 3045 553 3090 nuno
580 3028 704 3090 bonitas
734 3028 904 3108 deputetur
932 3045 1011 3106 quae
1039 3027 1163 3088 tautum
1191 3019 1311 3084 bomini

32 3119 37 3124 ⁷
114 3152 144 3192 aa
164 3131 282 3213 largita
304 3132 356 3205 sit,
376 3131 409 3195 id
428 3135 478 3196 est
496 3133 617 3197 arbitrii
636 3133 830 3206 libertatem
856 3132 943 3197 aliud
967 3132 1028 3195 sibi
1046 3131 1126 3194 ratio
1148 3125 1309 3212 defendat:

164 3236 198 3299 iu
226 3237 383 3302 eiusmodi
411 3239 656 3304 iustitutionem.
702 3259 775 3303 nam
812 3241 914 3304 bonus
946 3242 1057 3303 natura
1094 3237 1172 3299 deus
1210 3233 1310 3298 solus.

165 3343 221 3422 qui
249 3343 332 3406 enim
361 3345 445 3427 quod
473 3350 523 3410 ost
550 3347 617 3410 sinc
645 3346 736 3412 initio
765 3346 870 3415 habet.
901 3365 961 3410 uon
990 3343 1191 3408 institutione
1215 3340 1312 3402 babet

163 3449 256 3525 illud,
281 3449 336 3513 sed
360 3454 479 3515 natura.
516 3452 610 3516 homo
636 3457 751 3530 autem,
775 3453 829 3534 qui
852 3456 940 3516 totus
965 3471 1000 3515 ex
1022 3449 1226 3514 institutione
1250 3449 1309 3522 est,

163 3555 284 3620 habens
298 3556 436 3633 initium,
455 3577 528 3622 cum
542 3559 634 3623 initio
649 3561 783 3623 sortitus
799 3564 850 3623 est
867 3559 1011 3632 formam,
1027 3577 1089 3639 qua
1103 3558 1197 3628 esset,
1214 3555 1310 3634 atque

114 3687 145 3725 ao
164 3662 211 3725 ita
233 3681 293 3727 nou
317 3667 430 3728 natura
452 3665 484 3728 in
508 3666 626 3730 bonum
651 3667 827 3748 dispositus
852 3669 910 3732 est.
936 3665 991 3730 sed
1012 3662 1224 3735 institutione,
1248 3678 1309 3722 uon

164 3787 259 3832 suum
287 3768 406 3834 habeus
434 3772 538 3835 bouus
572 3792 651 3851 esse,
681 3774 754 3855 quia
782 3794 843 3838 uon
872 3777 983 3836 natura
1005 3772 1037 3835 in
1062 3770 1181 3835 bouum
1206 3767 1310 3848 dispo·

201 3907 214 3960 l
229 3908 419 3979 intellegimur
432 3927 463 3964 eo
473 3912 541 3980 Rip:
554 3912 734 3982 intelligimus
749 3930 794 3966 eos
804 3913 862 3967 affl
899 3913 915 3964 2
929 3912 1110 3977 bominifort.
1148 3908 1164 3960 8
1179 3909 1207 3959 et
1221 3921 1271 3958 om.
1282 3901 1313 3954 F

165 3997 198 4051 18
212 4002 345 4067 potestas,
363 3999 391 4052 in
408 4001 493 4069 uulgo
547 4002 581 4054 20
600 4009 629 4054 et
646 4004 829 4070 suae-quale
848 4019 899 4056 om.
913 4001 943 4054 F
989 4001 1023 4053 22
1043 3999 1157 4052 aliorum
1176 3994 1309 4060 dominus,

162 4087 455 4157 suifamulusluulpo
501 4091 536 4144 23
551 4094 580 4143 et
593 4107 643 4144 om.
659 4091 689 4143 F
723 4093 757 4144 25
773 4091 901 4145 defendat
914 4092 943 4143 in
956 4091 1040 4157 rrrctpo
1085 4089 1119 4140 26
1134 4087 1163 4138 in
1177 4080 1309 4138 eiusmodi

161 4174 365 4228 institutionem
389 4177 450 4244 (boc
472 4185 511 4231 eat
533 4179 733 4232 institutionem
755 4181 783 4233 in
809 4179 942 4233 eiusmodi
964 4179 1023 4231 acti.
1041 4178 1073 4229 irc
1096 4176 1179 4229 talem
1196 4173 1310 4236 statum)

161 4263 232 4333 MR,
251 4264 283 4318 id
304 4268 355 4317 est
373 4266 506 4320 eiusmodi
523 4268 723 4321 institutionem
742 4269 806 4337 Eup
