3250 4959
383 403 418 457 11.
437 404 484 458 De
504 403 620 458 Carnis
640 404 901 457 Resurrectione
921 405 1035 457 54-55.
1219 409 1281 471 113

126 599 300 664 continere.
330 599 464 681 denique
489 617 561 663 curn
590 602 623 663 et
646 599 725 664 illud
750 600 905 682 scriptum
930 600 987 664 sit:
1018 604 1170 683 oportet
1192 618 1281 665 mor·

127 707 205 771 tale
240 707 310 770 hoc
349 706 505 770 induere
542 706 869 783 inmortalitatem,
906 706 1094 782 ostenditur,
1123 707 1281 788 quomodo

127 814 264 877 mortale
289 813 461 878 deuoretur
484 832 501 876 a
524 813 602 890 uita,
628 814 703 878 dum
729 813 875 877 indutum
900 814 1127 877 inmortalitate
1151 813 1282 878 abscon-

128 920 215 983 ditur
245 925 277 982 et
304 919 427 1003 tegitur
454 923 486 982 et
513 919 598 983 intus
629 920 818 996 continetur,
847 940 907 985 non
941 920 1016 983 dum
1044 920 1223 984 absumitur
1251 924 1284 984 et

101 1026 300 1090 eamittitur.
331 1045 405 1109 ergo
434 1031 467 1089 et
488 1046 584 1104 mors,
617 1027 733 1107 inquis,
765 1026 855 1090 salua
879 1027 948 1104 erit,
973 1046 1046 1091 cum
1069 1026 1165 1090 fuerit
1188 1027 1281 1090 deuo-

127 1139 202 1196 rata.
229 1133 301 1196 ideo
331 1133 474 1197 discerne
497 1152 553 1215 pro
579 1133 725 1197 sensibus
755 1133 1011 1198 communionem
1040 1134 1221 1209 uerborum,
1250 1140 1282 1196 et

127 1239 251 1323 integre
283 1240 462 1322 intelleges.
496 1239 582 1303 aliud
610 1239 693 1303 enim
722 1259 807 1303 mors
837 1246 869 1303 et
897 1239 983 1304 aliud
1016 1240 1157 1303 mortale.
1190 1240 1283 1303 aliter

129 1347 236 1427 itaque
270 1346 476 1410 denotabitur
509 1365 593 1411 mors
629 1353 660 1410 et
691 1346 784 1410 aliter
816 1347 961 1410 mortale.
995 1366 1078 1411 mors
1107 1365 1168 1410 non
1197 1347 1282 1428 capit

125 1453 403 1530 inmortalitatem,
427 1455 559 1517 mortale
583 1456 689 1516 autern
714 1454 809 1535 capit.
835 1452 1023 1534 deniqueet
1046 1452 1279 1535 scriptumest,

91 1582 113 1620 ro
129 1559 212 1640 quod
233 1565 374 1623 ‘necesse
391 1559 433 1624 sit
447 1561 579 1624 mortale
600 1559 659 1622 hoc
678 1560 808 1623 induere
824 1559 1106 1624 inmortalitatem’.
1123 1559 1280 1640 quomodo

130 1686 202 1749 orgo
228 1667 337 1748 capit?
361 1666 437 1729 dum
457 1667 625 1730 deuoratur
645 1687 662 1730 a
681 1667 757 1730 uita.
782 1666 942 1747 quomodo
967 1666 1137 1729 decoratur
1156 1665 1279 1728 auita?

131 1773 202 1836 dum
237 1773 392 1854 recipitur
424 1779 455 1837 et
486 1774 642 1858 redigitur
670 1778 702 1837 et
733 1773 909 1837 includitur
937 1774 968 1836 iu
998 1773 1108 1854 ipsam.
1138 1776 1279 1836 ceterum

131 1899 212 1943 mors
228 1881 345 1945 merito
354 1881 591 1962 <in>interitum
608 1880 786 1958 dederetur,
799 1880 874 1962 quia
887 1884 919 1942 et
934 1880 1004 1961 ipsa
1017 1880 1048 1942 iu
1063 1879 1124 1943 hoe
1140 1879 1280 1942 deuoret.

133 1987 343 2062 deuorauit,
366 1988 480 2070 inquit,
504 2007 602 2052 mors
627 1985 908 2062 inualescendo,
939 1990 971 2049 et
993 1986 1065 2050 ideo
1098 1985 1279 2050 deaurata

95 2095 242 2158 aestio
263 2094 556 2158 contentionem.
583 2095 646 2158 ubi
670 2103 737 2172 est,
763 2113 872 2169 mors,
898 2094 1054 2157 aculeus
1078 2097 1190 2157 tuus?
1214 2092 1278 2156 ubi

132 2207 195 2275 est,
226 2221 337 2277 mors,
367 2202 560 2266 contentio
585 2203 669 2264 tua?
698 2200 827 2283 proinde
855 2204 888 2263 et
910 2200 989 2280 uita,
1013 2199 1126 2262 mortis
1156 2198 1280 2262 scilieet

133 2309 263 2381 aemula,
302 2327 358 2390 per
395 2308 628 2372 contentionem
666 2306 833 2371 decorabit
865 2307 894 2370 in
929 2309 1067 2370 salutem
1100 2305 1186 2386 quod
1221 2325 1279 2388 per

133 2415 363 2478 contentionem
385 2419 455 2478 tum
479 2415 681 2478 deuorauerit
703 2433 788 2478 mors
813 2415 845 2477 in
868 2414 1041 2478 interitum.

174 2523 224 2586 55.
249 2519 451 2604 Quamquam
473 2521 582 2604 igitur,
603 2524 850 2584 resurrecturam
874 2539 998 2584 carnem
1018 2520 1198 2600 probantes,
1218 2518 1279 2584 boc

97 2642 119 2684 ro
134 2625 198 2707 ipso
221 2647 284 2692 uon
309 2627 402 2690 aliam
427 2634 673 2692 resurrecturam
697 2628 868 2709 probemus
892 2647 987 2710 quam
1011 2627 1136 2707 dequa
1163 2626 1278 2708 agitur,

134 2737 233 2797 tamen
258 2734 403 2816 singulae
432 2735 632 2816 quaestiones
657 2739 689 2797 et
712 2753 826 2798 causae
851 2754 959 2798 earum
982 2734 1126 2817 proprios
1151 2752 1277 2815 quoque

135 2835 274 2920 flagitant
291 2827 499 2922 congressus,
522 2839 600 2902 lieet
624 2839 749 2902 aliunde
768 2840 833 2902 iam
857 2859 976 2904 caesae.
999 2839 1278 2920 interpretabimur

135 2942 235 3026 itaque
264 2945 391 3027 plenius
420 2951 452 3010 et
479 2947 545 3010 uim
575 2951 607 3011 et
629 2948 781 3011 rationem
807 2946 1043 3023 demutationis,
1072 2965 1152 3028 quae
1180 2945 1277 3009 terme

137 3051 354 3117 subministrat
368 3054 498 3118 alterius
510 3055 611 3118 carnis
627 3059 860 3120 resurrecturae
870 3054 1171 3134 praesumptionem,
1187 3053 1278 3134 quasi

98 3172 120 3209 a
137 3155 285 3224 demutari
301 3161 444 3224 desinere
460 3162 501 3224 sit
520 3161 669 3224 intutum
686 3167 717 3224 et
737 3161 774 3224 dc
789 3160 924 3242 pristino
941 3161 1051 3240 perire
1072 3158 1277 3222 discernenda

137 3269 181 3326 est
207 3271 314 3330 auteur
347 3266 523 3330 demutatio
553 3267 590 3330 ab
625 3269 710 3332 omni
742 3270 928 3350 argumento
960 3267 1157 3347 perditionis.
1190 3265 1276 3328 aliud

138 3369 212 3433 enim
232 3371 421 3448 demutatio,
442 3373 528 3436 aliud
548 3372 692 3455 perditio.
713 3394 804 3456 porro
825 3393 886 3437 non
907 3373 1002 3443 aliud,
1025 3372 1052 3436 si
1071 3373 1116 3435 ita
1135 3373 1276 3435 demuta-

139 3474 214 3540 bitur
247 3498 330 3554 caro,
364 3483 400 3542 ut
429 3489 543 3560 pereat.
576 3482 692 3562 peribit
720 3491 826 3544 autem
857 3481 1030 3557 demutata,
1064 3479 1092 3542 si
1119 3497 1180 3541 non
1208 3479 1277 3559 ipsa

220 3721 472 3790 ultonissa.
531 3725 676 3792 nuqua.
734 3727 777 3793 14]
794 3724 838 3776 rs.
854 3725 896 3791 aa,
913 3725 938 3777 e.
994 3722 1273 3792 ramsolam.

171 3861 347 3932 timmosort.
359 3865 404 3917 uel
414 3865 510 3917 iterum
521 3865 605 3934 (Euty)
624 3859 630 3864 ’
653 3868 667 3919 7
687 3867 832 3936 intelleges
846 3865 1059 3933 Getrintellegis
1070 3864 1160 3916 PMF
1214 3864 1275 3925 ,ali-

140 3951 177 4000 ter
196 3951 285 4022 itaque
310 3951 485 4006 deuorabitur
508 3971 579 4007 mors
608 3961 636 4008 et
664 3956 743 4008 aliter
770 3957 904 4016 intentatio,
930 3973 1001 4008 mors
1030 3955 1065 4010 Β,
1093 3971 1163 4005 mors
1188 3952 1277 4004 I'MF

143 4037 168 4088 ll
186 4040 326 4107 ,quomodo
347 4041 492 4094 deauratur
511 4060 527 4095 a
545 4045 613 4104 uita,
632 4043 693 4096 duur
714 4045 748 4100 B.
769 4044 831 4097 dum
850 4044 941 4096 PMF
999 4046 1030 4095 13
1048 4044 1116 4109 <in>
1133 4043 1274 4094 interitum

143 4122 200 4178 Get.-
220 4129 358 4181 interitum
382 4128 416 4190 F.
441 4130 553 4184 interitu
573 4131 635 4185 PM
694 4133 725 4186 18
754 4140 809 4185 turn
839 4133 948 4199 scripsi:
977 4140 1051 4183 tuam
1076 4129 1171 4198 PMF,
1200 4147 1273 4182 suain

142 4211 198 4276 Ian,
215 4232 262 4270 ont.
285 4217 337 4270 cer
409 4219 581 4274 deuorauerit
599 4223 712 4288 scripsi:
731 4221 909 4274 deuorauerat
920 4221 1008 4274 PMF
1060 4221 1093 4272 21
1110 4236 1199 4271 earum
1215 4220 1273 4271 scil.

143 4306 316 4366 quaestionum
373 4309 530 4376 quosqueG
574 4310 711 4364 22caesae
729 4311 1031 4377 <idestmembratim>
1047 4307 1274 4373 R³ttacetaudep

166 4425 285 4473 xxxxvrt.
300 4433 359 4471 Ten.
375 4433 417 4472 lll.
1220 4414 1236 4464 8
