3250 4959
421 396 481 450 VII.
499 394 666 449 Aduersus
685 395 883 448 Marcionem
901 395 949 448 lib.
968 393 982 448 1
1003 396 1115 448 11-12.
1285 399 1347 461 305

197 590 1348 675 mmmhmcmmffihhmimommodmmtmmmemmnm

199 699 306 775 illum,
336 700 391 781 qui
419 699 498 762 nihil
526 698 678 776 condidit,
708 698 770 762 nisi
797 697 879 762 ratio
908 697 987 760 torte
1016 697 1201 779 proferatur.
1235 697 1349 780 duplex

197 807 266 870 ista
294 805 441 870 uideatur
469 824 599 869 necesse
628 815 687 884 est,
717 807 753 867 ut
781 807 837 868 aut
864 803 1002 868 noluerit
1030 802 1161 866 condere
1190 804 1266 886 quid
1295 809 1352 868 aiut

198 932 264 976 non
293 913 442 995 potuerit.
472 913 602 975 tertium
627 915 739 975 cessat.
769 910 824 974 sed
850 930 909 974 nou
934 909 1077 991 potuisse
1103 909 1267 993 iudignum
1292 911 1349 974 deo

165 1016 1350 1100 sffltnmmmeaufflgmm‚umommmmedmrmffi‚Mmmm,

179 1124 309 1189 'uoluit
331 1124 409 1188 deus
433 1128 511 1188 tuus
535 1123 685 1206 cognosci
710 1143 743 1187 se
769 1143 970 1206 quocumque
988 1123 1019 1186 in
1044 1127 1187 1206 tempore
1211 1143 1248 1187 an
1268 1129 1350 1188 non?

199 1233 450 1315 alioproposito
476 1235 508 1294 et
532 1229 695 1295 descendit
718 1234 752 1294 et
774 1230 970 1314 praedicauit
994 1234 1026 1294 et
1045 1249 1159 1312 passus
1182 1231 1353 1296 resurrexit

199 1357 299 1419 quam
336 1338 384 1402 uti
422 1342 689 1419 cognosceretur?
728 1343 761 1400 at
798 1337 866 1400 sine
904 1336 1011 1410 dubio,
1046 1338 1071 1400 si
1106 1338 1253 1422 cognitus
1292 1341 1351 1414 est,

198 1443 1350 1528 wffitmfflemnmmemimm.mimffimmqmmm

150 1573 178 1608 ιο
199 1553 368 1633 tantopere
406 1551 550 1614 notitiam
591 1552 641 1614 sui
678 1551 872 1632 procurabit,
915 1555 952 1615 ut
987 1552 1018 1615 in
1058 1551 1210 1616 dedecore
1247 1551 1350 1616 curnis

200 1656 413 1722 exhiberetur.
439 1664 473 1721 et
494 1657 623 1738 quidem
647 1658 774 1734 maiore,
801 1658 827 1720 si
854 1657 961 1734 falsae,
981 1695 1024 1702 —
1044 1679 1115 1722 uam
1135 1657 1195 1723 hoc
1214 1660 1350 1740 turpius,

200 1764 232 1826 si
257 1765 290 1827 et
312 1765 465 1828 mentitus
490 1769 540 1828 est
558 1763 768 1827 substantiam
794 1765 933 1846 corporis
952 1801 997 1810 -
1016 1766 1069 1847 qui
1091 1768 1125 1829 et
1146 1765 1350 1830 maledictum

200 1870 234 1933 in
260 1888 294 1934 se
319 1871 468 1934 creatoris
492 1871 622 1935 admisit
645 1871 731 1954 ligno
756 1891 943 1976 suspensus,
968 1879 1084 1954 quanto
1109 1872 1273 1938 honestius
1297 1893 1352 1954 per

199 1976 309 2058 aliqua
322 1977 465 2059 propriae
480 1977 655 2042 molitionis
669 1978 785 2042 indicia
801 1979 1010 2061 cognitionem
1027 1981 1078 2042 sui
1092 1980 1351 2061 praestruxisset!

149 2109 178 2149 ιε
200 2083 338 2146 maxime
357 2083 512 2147 aduersus
527 2103 599 2148 eum
615 2085 763 2168 cognosci
784 2085 913 2161 habens,
933 2085 1015 2166 apud
1035 2105 1129 2167 quem
1149 2105 1183 2149 ex
1204 2086 1352 2170 operibus

200 2190 243 2252 ab
261 2189 352 2253 initio
372 2191 521 2274 cognitus
540 2211 600 2254 non
621 2196 698 2255 erat.
718 2212 789 2256 nam
809 2196 842 2256 et
855 2193 948 2274 quale
964 2197 1022 2269 est,
1040 2197 1075 2256 ut
1088 2198 1210 2257 creator
1223 2193 1350 2275 quidem

200 2289 350 2379 ignorans
375 2315 445 2360 esse
465 2298 562 2361 alium
583 2318 729 2380 superse
750 2298 855 2372 deum,
875 2305 912 2361 ut
929 2301 1044 2364 uolunt
1062 2299 1276 2375 Marcionitae,
1296 2301 1351 2384 qui

202 2402 310 2466 solum
325 2423 358 2466 se
374 2403 471 2468 etiam
484 2405 591 2468 iurans
611 2405 828 2472 adseuerabat.
849 2407 945 2469 tentis
967 2406 1115 2488 operibus
1134 2405 1280 2470 not'tiam
1300 2407 1351 2470 sui

202 2509 384 2585 armauerh,
408 2529 503 2591 quam
526 2515 674 2592 potuerat
695 2531 755 2575 oon
776 2512 822 2575 ita
841 2530 968 2576 curasse
992 2511 1166 2576 secundum
1186 2513 1353 2597 singulart

151 2616 1353 2699 mmmmmmmmmmmAMmmmmffimmmmssmm

202 2741 290 2786 orem
309 2721 404 2786 deum
423 2726 489 2787 tam
507 2724 709 2799 instructum.
724 2727 845 2789 nullam
860 2726 921 2790 sibi
940 2727 1135 2808 prospexerit
1153 2727 1351 2811 agnoscendo

201 2832 406 2911 paraturam?
430 2831 554 2912 quando
575 2831 670 2894 etiam
690 2831 864 2914 insigniora
882 2839 913 2896 et
932 2833 1116 2915 superbiora
1139 2853 1234 2915 opera
1257 2833 1352 2896 debu-

201 2936 285 2998 isset
298 2935 488 3012 condidisse,
502 2940 539 3000 ut
554 2941 585 3000 et
600 2937 677 3000 deus
694 2957 730 3000 ex
749 2937 897 3018 operibus
916 2941 1160 3021 cognosceretur
1178 2939 1351 3003 seeundum

201 3043 375 3106 creatorem
400 3046 432 3105 et
456 3061 491 3106 ex
514 3044 750 3107 honestioribus
774 3043 879 3124 potior
902 3049 933 3107 et
957 3046 1138 3127 generosior
1159 3048 1308 3110 creatore.

154 3175 184 3216 25
252 3149 304 3211 12.
329 3148 477 3212 Ceterum
501 3154 533 3214 et
553 3149 579 3212 si
603 3169 673 3213 esse
697 3169 769 3212 eum
792 3169 963 3231 possemus
988 3151 1140 3227 confiteri,
1164 3153 1232 3216 sine
1256 3170 1353 3216 eausa

203 3251 1395 3343 mmmmmwffimmffimmmfflmwmmmewmmss

203 3380 272 3424 rem
300 3380 360 3425 non
390 3363 530 3435 haberet,
559 3364 633 3444 quia
660 3382 709 3426 res
740 3365 842 3427 omnis
872 3381 966 3426 causa
995 3368 1054 3438 est,
1088 3367 1125 3427 ut
1152 3365 1194 3428 sit
1224 3365 1350 3447 aliquis,

205 3469 1350 3553 cmmmmtmmmmmmmffiwmmwmmmmm,

205 3571 1351 3663 mmmmfflmwmmfflmmmfflwmmmm

297 3732 341 3801 ra]
362 3732 395 3785 ef.
416 3733 498 3785 oeae.
516 3733 559 3796 21,
579 3736 622 3786 aa.
643 3734 703 3787 oar.
722 3736 747 3801 3,
769 3735 810 3789 13.
869 3737 909 3803 in
931 3737 964 3788 er.
983 3735 1028 3792 ss.
1047 3739 1090 3795 45,
1111 3738 1154 3789 ae.
1174 3737 1216 3790 23.

242 3855 259 3907 9
281 3854 351 3908 nihil
374 3857 445 3908 euim
464 3855 499 3924 R,
523 3858 594 3910 enim
618 3856 686 3910 nibil
709 3858 747 3910 Μ
816 3859 861 3927 qui
886 3877 950 3928 ergo
973 3860 1087 3926 scripsi:
1112 3859 1178 3929 quid
1202 3875 1266 3928 ergo
1290 3859 1352 3913 Me

206 3944 241 3996 10
259 3943 386 3996 notitiam
398 3945 455 3996 *sui
469 3945 507 3996 M
523 3947 576 4010 (sui
589 3946 621 3998 in
634 3953 702 4010 ros.)
761 3947 790 3998 ll
808 3948 990 4014 parenthesin
1008 3947 1137 4000 indicaui
1187 3948 1220 4000 13
1239 3963 1351 4014 suspen·

204 4048 261 4086 sne.
285 4037 386 4100 quanto
407 4033 492 4105 uulgo
561 4036 594 4087 14
617 4035 834 4103 praestruxisset.
859 4037 973 4088 maxime
1000 4037 1084 4103 uulgo
1156 4034 1351 4088 ethonore

205 4121 242 4174 22
266 4124 294 4174 et
314 4120 389 4187 Bm,
412 4131 443 4175 nt
466 4123 540 4176 ΜΗι
595 4124 629 4176 29
654 4123 681 4176 id
706 4130 748 4176 est
770 4125 828 4178 sine
852 4143 880 4177 re
903 4125 1015 4178 seclusi:
1037 4125 1235 4193 interpolatum
1258 4129 1297 4178 eat
1320 4141 1352 4176 ec

207 4214 277 4267 306.
294 4213 319 4275 4,
334 4211 384 4264 ubi
401 4211 467 4266 bene
483 4229 512 4265 ac
529 4213 618 4281 babet,
637 4214 705 4281 quio
723 4213 784 4266 illic
802 4213 939 4267 antecedit
958 4213 1032 4270 deus.
1052 4214 1116 4284 Eup
1134 4230 1189 4282 pro
1207 4213 1275 4265 nihil
1294 4212 1351 4278 (at)

206 4298 407 4353 radicandum
419 4306 506 4368 putat
524 4317 603 4354 nemo
676 4301 788 4370 proinde
808 4301 878 4366 MF,
897 4303 1009 4372 perinde
1028 4303 1149 4369 Roudon

234 4425 367 4467 xxxxvu.
381 4427 441 4469 'rea
455 4427 499 4468 111.
1281 4407 1315 4459 20
