3250 4959
399 383 460 437 vin
478 383 645 437 Aduersus
665 384 864 439 Marcionem
882 385 972 439 libii
992 388 1105 441 18-19.
1266 390 1329 454 361

176 580 213 642 et
241 580 272 642 in
303 578 449 644 omnibns
478 598 577 661 paene
606 580 800 663 argumentis
830 579 993 662 figuratae.
1040 578 1161 645 suffieit
1188 582 1269 645 enim
1299 583 1329 645 in

181 686 350 767 praesenti,
376 686 403 749 si
423 685 612 767 simpliciter
630 685 790 749 hominem
811 685 869 749 deo
890 686 1061 769 obligabat,
1085 690 1122 750 nt
1145 707 1236 752 nemo
1262 707 1329 752 eam

180 793 347 875 reprobare
382 792 504 868 debeat,
537 792 599 856 nisi
628 792 679 855 cui
704 810 763 855 nou
788 793 894 874 placet
918 792 975 858 deo
1001 793 1169 858 deseruire.
1207 794 1246 857 ad
1270 794 1330 859 hoc

180 896 380 977 beneficium,
400 916 567 975 nonoque,
586 898 667 982 legis
683 898 899 962 adiuuandum
920 899 1014 961 etiam
1030 898 1200 982 prophetes
1220 900 1328 964 eadem

142 1030 158 1071 s
178 1004 305 1069 bonitas
325 1004 376 1067 dei
396 1004 562 1081 ordinauit,
587 1003 737 1069 docentes
757 1005 814 1068 deo
835 1004 943 1089 digna:
963 1005 1085 1069 anferre
1109 1006 1266 1087 nequitias
1290 1007 1329 1071 de

178 1110 296 1187 anima,
315 1109 436 1174 discere
455 1111 646 1186 benefacere,
667 1110 829 1193 exquirere
854 1111 1019 1189 iudicium,
1042 1111 1182 1177 iudicare
1206 1113 1328 1196 pupillo

178 1221 212 1281 et
235 1218 407 1281 iustificare
430 1216 572 1292 uiduam,
597 1217 726 1299 diligere
752 1219 964 1301 quaestiones,
984 1218 1093 1302 ingere
1111 1219 1327 1303 improborum

178 1326 371 1399 contactum,
397 1323 555 1388 dimittere
576 1324 753 1387 condictam
773 1324 941 1408 integram,
961 1325 1115 1406 dissipare
1139 1326 1327 1407 scripturam

176 1431 343 1507 iniustam,
370 1429 539 1514 infringere
562 1448 675 1513 panem
700 1431 851 1495 esurienti
875 1437 908 1496 et
930 1436 1051 1497 tectum
1075 1452 1134 1498 non
1159 1433 1326 1497 habentem

125 1536 328 1601 reinducere
361 1538 391 1601 in
428 1536 556 1601 domurn
585 1540 684 1615 tuam,
719 1537 839 1601 nudum
874 1539 901 1601 si
930 1539 1059 1615 uideris,
1093 1544 1262 1622 contegere
1295 1545 1328 1604 et

177 1642 371 1723 domesticos
400 1643 529 1709 seminis
553 1644 602 1707 tui
625 1664 686 1707 non
711 1643 883 1727 despicere,
912 1664 1113 1727 compescere
1141 1646 1284 1729 linguam
1309 1666 1327 1712 a

176 1748 263 1815 malo
282 1754 315 1814 et
331 1750 426 1827 labia,
450 1769 488 1815 ne
507 1750 678 1833 loquantur
697 1750 815 1828 delum,
840 1750 996 1815 declinere
1021 1770 1038 1815 a
1061 1752 1144 1817 malo
1169 1757 1201 1816 et
1223 1752 1325 1816 facere

177 1856 307 1933 bonum,
328 1876 476 1939 quaerere
494 1876 602 1939 pacem
623 1862 656 1921 et
675 1858 884 1935 metaneam,
902 1858 995 1923 irasci
1011 1862 1118 1922 einen
1133 1859 1325 1940 delinquere,

176 1962 210 2027 id
240 1965 344 2029 estin
367 1964 414 2028 ira
437 1983 497 2027 non
522 1983 724 2046 perseuerare
750 1964 819 2028 siue
843 1966 977 2030 saeuire.
1006 1984 1066 2028 non
1090 1966 1176 2030 abire
1199 1966 1230 2029 in
1254 1984 1325 2030 con-

124 2096 155 2137 re
177 2070 287 2133 ciiinm
306 2071 478 2154 impiorum
498 2090 555 2135 nec
575 2076 658 2134 stare
682 2070 713 2133 in
737 2071 791 2134 uie
815 2077 1017 2153 peccatorum
1042 2072 1153 2136 necin
1177 2072 1326 2137 cathedra

175 2177 395 2259 pestilentium
411 2178 528 2242 sedere.
551 2178 607 2242 sed
623 2177 697 2241 nbi?
722 2177 819 2241 uide
838 2198 952 2260 quam
971 2180 1113 2243 bonum
1135 2182 1173 2242 et
1192 2179 1324 2243 iocun-

176 2284 268 2349 dum
295 2284 483 2348 habitare
511 2284 662 2347 iratres
691 2283 727 2346 iu
761 2303 888 2359 nuum,
918 2284 1168 2350 meditantes
1194 2285 1258 2349 die
1282 2304 1324 2349 ac

174 2396 295 2455 noete
318 2390 355 2454 in
379 2390 471 2474 iege
496 2390 656 2467 domini,
683 2390 757 2472 quia
776 2391 890 2455 benum
913 2392 1036 2455 seilicet
1054 2391 1149 2456 fidere
1173 2392 1204 2455 in
1229 2392 1322 2455 deum

173 2516 270 2580 qnam
297 2496 394 2561 fidere
418 2498 448 2561 in
472 2498 632 2561 hominem
664 2500 696 2559 et
722 2516 847 2578 sperare
866 2498 897 2561 in
917 2498 1011 2563 deum
1033 2518 1126 2581 quam
1146 2518 1272 2580 sperare
1292 2500 1321 2563 in

119 2630 151 2669 ao
172 2602 344 2669 bominem.
381 2604 484 2687 qualis
514 2604 596 2668 enirn
627 2603 711 2685 apud
741 2603 835 2667 deum
858 2624 979 2669 merces
1003 2606 1144 2669 homini?
1183 2607 1322 2669 eterit

171 2715 375 2795 tamquam
396 2712 564 2795 iignum,
589 2711 692 2791 quod
711 2712 945 2793 plantatum
965 2717 1027 2777 est
1050 2714 1164 2777 iuxta
1188 2713 1322 2776 exitus

170 2818 496 2900 aquer·nm,qn0d
515 2817 692 2880 fructum
714 2836 827 2879 suum
847 2817 961 2882 dabit
980 2820 1018 2881 in
1040 2824 1218 2900 ternpore
1239 2837 1321 2893 sue,

171 2927 213 2987 et
240 2922 384 2988 folium
408 2924 497 2988 eius
521 2942 593 2987 non
619 2922 784 2986 decidet
808 2926 846 2986 et
870 2924 1010 2999 omnia
1043 2942 1321 3005 quaecumque

169 3028 310 3105 faciet,
341 3029 693 3111 prosperabuntur
726 3028 802 3092 iiii.
847 3029 996 3093 innocens
1027 3035 1133 3092 autem
1163 3034 1195 3092 et
1221 3049 1321 3112 purus

118 3166 149 3204 rs
170 3136 277 3211 eorde,
307 3136 361 3218 qui
388 3152 447 3200 non
472 3136 608 3218 accipiet
636 3138 666 3198 in
696 3155 814 3199 uanum
839 3154 952 3199 nomen
982 3135 1032 3199 dei
1062 3140 1094 3199 et
1121 3156 1181 3200 non
1205 3136 1323 3200 iurabit

169 3242 213 3307 ad
239 3242 416 3327 proximum
450 3262 543 3306 suurn
577 3242 607 3306 in
642 3242 724 3315 dolo.¹
758 3244 820 3307 iste
853 3243 988 3324 accipiet
1021 3242 1271 3307 benedictionem
1304 3262 1322 3306 a

170 3350 300 3415 domino
338 3356 370 3413 et
402 3349 649 3414 misericordiam
685 3368 703 3411 a
736 3348 793 3413 deo
829 3350 1055 3413 salutificatore
1093 3369 1162 3414 suo.
1210 3349 1319 3413 oculi

264 3542 344 3610 5-7]
366 3540 398 3593 cf.
420 3540 463 3595 iis.
485 3542 508 3607 1,
530 3541 633 3594 16-18
689 3544 715 3609 b]
738 3540 994 3607 cinericium.
1047 3541 1145 3609 7-11]
1162 3540 1195 3596 ci.
1214 3541 1259 3593 iis.
1277 3543 1320 3603 58,

169 3633 197 3685 6.
219 3633 243 3685 7.
300 3628 597 3698 11-13]cs.1³s.33‚
620 3631 718 3684 1415.
778 3630 819 3699 13]
840 3629 872 3682 ef.
893 3630 937 3684 Ps.
956 3632 982 3691 4,
1003 3631 1027 3682 5.
1086 3628 1319 3698 13-1sqef.Ps.

171 3722 242 3788 1,1,
325 3718 561 3789 161Pr.13·2,1.
638 3719 753 3787 18-201
775 3718 808 3772 cf.
828 3718 873 3774 Ps.
895 3720 954 3780 117,
975 3720 999 3774 8.
1019 3720 1045 3771 9.
1119 3719 1164 3787 20]
1185 3718 1230 3771 Pa.
1252 3720 1275 3778 1,
1295 3720 1319 3772 3.

169 3810 219 3877 24]
241 3808 274 3863 ci.
294 3808 338 3861 Ps.
359 3809 403 3874 23,
421 3808 446 3861 4.
467 3808 491 3860 5.
547 3808 594 3877 27]
612 3808 655 3863 Ps.
676 3810 718 3869 32,
740 3806 780 3859 18.

208 3915 327 3971 detiam
346 3912 428 3981 MR&
452 3914 499 3969 scd
524 3915 606 3967 etiarn
626 3914 665 3967 Βι
749 3915 891 3967 iuidearn
910 3914 946 3968 M
1035 3913 1152 3982 dirigere
1171 3913 1321 3967 Ilorrisioe

169 4005 337 4073 Sintegrem
348 4004 382 4067 R,
392 4004 420 4057 in
436 4004 571 4072 integram
581 4004 624 4069 M,
638 4006 665 4056 in
676 4004 812 4072 integrum
823 4004 887 4071 Eup
924 4002 1139 4070 sermnem·
1176 4002 1206 4055 13
1222 4019 1320 4071 quaere

169 4094 208 4147 M
241 4095 274 4149 16
289 4094 409 4162 <quam>
427 4092 571 4147 iucundum
587 4093 659 4145 Pom
699 4092 908 4157 ltideurndlB,
927 4092 1150 4145 dorninuanom
1187 4092 1220 4145 19
1240 4091 1320 4145 deum

169 4182 240 4246 MR,
260 4181 397 4237 dominnm
416 4182 489 4235 Pom
570 4182 604 4234 24
624 4181 665 4239 illi
684 4198 735 4235 orer.
755 4182 789 4234 iil
868 4183 903 4235 ‘25
923 4181 1038 4250 accipiet
1056 4180 1138 4241 MR¹‚
1158 4182 1262 4249 accepit
1284 4181 1320 4233 pu

170 4271 274 4325 iurabit
292 4271 404 4341 scripsi:
424 4270 525 4327 iurauit
543 4270 605 4325 MR
660 4270 692 4323 27
712 4271 897 4325 misericordia
915 4270 951 4323 M
1022 4270 1201 4324 salutarique
1221 4270 1251 4321 F
