3250 4959
354 408 413 463 vll.
431 409 599 463 Aduersus
618 410 815 465 Marcionem
835 412 882 465 lib.
897 412 940 465 111
960 413 1073 466 19-20.
1222 414 1285 478 411

131 611 224 669 stum
245 604 405 681 eueniunt,
425 624 485 669 uon
504 604 536 667 iu
557 604 654 669 alium
675 608 766 669 erunt
784 606 972 687 prophetata
996 626 1090 689 quam
1115 626 1284 690 perquem

132 714 299 775 eueniunt.
319 712 395 775 item
411 712 502 776 alibi:
524 730 617 776 eeoe
636 713 923 777 testimonium
944 733 1028 777 eum
1047 714 1287 778 nationibus

132 818 267 900 posui,
295 817 520 901 prinoipem
551 822 593 881 et
616 818 882 901 imperantem
907 819 1161 893 nationibus;
1189 821 1287 885 nati·

132 944 245 1000 ones
271 944 372 1006 quae
396 928 434 989 te
458 944 532 989 nou
559 925 705 1000 seiunt,
730 924 983 989 iuuoeahunt
1006 930 1056 1003 te,
1079 929 1118 989 et
1144 928 1287 1009 populi

96 1056 110 1093 ⁵
132 1030 383 1113 confugient
406 1030 452 1093 ud
476 1034 524 1093 te.
547 1050 604 1095 neo
629 1031 712 1094 euim
737 1031 815 1095 haee
838 1031 869 1095 in
895 1031 1000 1095 Dauid
1019 1032 1287 1114 interpretaberis,

132 1137 213 1218 quia
249 1137 429 1219 praemisit:
472 1140 511 1202 et
553 1137 762 1219 disponam
804 1137 924 1202 uobis
967 1138 1287 1221 dispositionem

133 1250 355 1318 aeternam,
392 1244 598 1329 religiosa
635 1249 674 1308 et
710 1244 859 1308 fidelia
889 1244 1029 1309 Dauid.
1069 1246 1178 1327 atquin
1202 1228 1287 1311 *hine

132 1350 241 1433 magis
257 1349 418 1414 Christum
434 1350 619 1435 intellegere
639 1351 769 1415 debebis
788 1370 824 1415 ex
840 1350 944 1415 Dauid
963 1351 1151 1436 deputatum
1171 1354 1288 1417 cunali

136 1474 252 1538 genere
286 1456 324 1520 ob
358 1456 475 1521 Mariae
508 1457 642 1541 uirginis
675 1476 815 1521 censum.
850 1457 888 1521 de
921 1458 981 1523 hoe
1014 1458 1097 1522 euim
1130 1458 1286 1541 promisso

86 1592 115 1629 ro
135 1562 262 1625 iuratur
284 1564 315 1626 in
340 1563 462 1645 psalmo
488 1562 527 1627 ad
552 1563 669 1627 Dauid:
700 1582 744 1627 er
771 1565 911 1628 fructu
938 1564 1098 1629 uentris
1126 1565 1187 1628 tui
1211 1566 1287 1630 eol·

136 1669 283 1733 looaho
304 1688 425 1752 super
443 1668 633 1735 thronum
652 1675 773 1733 tuum.
793 1670 869 1753 quis
885 1671 947 1735 isto
965 1674 1077 1736 uenter
1095 1673 1165 1735 est?
1183 1672 1286 1754 ipsius

136 1775 266 1839 Dauid?
295 1777 405 1858 utique
432 1797 504 1842 non.
533 1796 635 1858 neque
664 1778 746 1841 enim
773 1777 935 1860 pariturus
965 1782 1049 1843 esset
1080 1777 1196 1842 Dauid.
1230 1778 1287 1843 sed

136 1902 195 1946 nee
210 1883 317 1947 uxoris
331 1884 410 1948 eius.
427 1902 487 1949 uon
504 1882 586 1947 enim
602 1882 748 1948 dixisset:
769 1903 808 1948 ox
827 1884 958 1948 fructu
976 1885 1124 1948 uentris
1143 1885 1211 1961 tui,
1231 1885 1286 1949 sed

137 1990 262 2070 potius:
286 1995 333 2053 ‘ex
360 1991 467 2055 fructu
495 1990 615 2054 uentris
643 1990 748 2054 uxoris
777 1994 875 2054 tuae)
897 1990 999 2074 ipsius
1024 1994 1130 2055 autem
1155 1990 1287 2057 dicendo

89 2116 118 2155 1⁵
138 2099 282 2160 uentrem
308 2100 463 2178 superest,
487 2102 525 2161 ut
547 2097 686 2179 aliquem
706 2096 744 2160 de
764 2116 877 2180 genere
897 2098 966 2162 eius
986 2097 1171 2175 ostenderit,
1195 2097 1287 2162 cuius

137 2203 259 2266 uentris
278 2204 405 2267 tuturus
424 2206 510 2268 esset
528 2204 652 2267 fruetus
672 2222 742 2267 earo
764 2204 893 2282 Christi,
913 2223 994 2286 quae
1013 2223 1049 2267 ex
1063 2206 1154 2268 utero
1168 2204 1287 2269 Mariae

137 2307 254 2371 floruit.
276 2308 412 2391 ideoque
436 2314 468 2373 et
490 2310 631 2375 frustum
656 2310 776 2374 uentris
800 2313 926 2375 tantum
951 2310 1139 2386 nominauit,
1162 2314 1199 2374 ut
1217 2330 1287 2393 pro·

138 2415 206 2497 prie
234 2416 366 2494 uentris,
396 2416 487 2499 quasi
517 2416 618 2481 solius
647 2417 777 2493 uentris,
806 2436 869 2481 uon
897 2418 994 2481 etiam
1020 2416 1093 2491 uiri,
1122 2419 1154 2480 et
1180 2417 1286 2498 ipsum

138 2527 282 2587 uentrem
311 2524 350 2588 ad
373 2524 478 2589 Dauid
505 2524 639 2608 redegit,
669 2525 707 2588 ad
735 2525 910 2607 prinoipem
938 2524 1061 2608 generis
1089 2528 1122 2588 et
1148 2524 1287 2588 familiae

91 2650 121 2689 ao
137 2634 270 2711 patrem.
293 2649 366 2694 nam
391 2630 465 2713 quia
488 2631 556 2695 uiro
582 2631 732 2714 deputare
751 2652 811 2696 non
832 2635 958 2713 poterat
976 2631 1112 2715 uirginis
1131 2634 1286 2707 uentrem,

136 2736 220 2818 patri
239 2756 312 2800 eum
332 2736 506 2818 deputauit.
529 2738 575 2801 ita
594 2757 674 2820 quae
693 2738 725 2801 iu
741 2738 868 2803 Christo
882 2757 966 2802 noua
980 2736 1147 2819 dispositio
1166 2737 1288 2800 iuueni·

136 2849 190 2905 tur
213 2842 316 2921 hodie,
340 2844 417 2907 haec
441 2844 509 2921 erit,
534 2863 628 2926 quam
652 2848 728 2909 tune
754 2847 878 2909 creator
895 2842 1114 2927 pollicebatur,
1138 2844 1288 2926 religiosa

138 2956 170 3012 et
193 2948 300 3013 fidelia
318 2949 422 3014 Dauid
446 2950 608 3032 appellans
630 2970 708 3033 quae
729 2954 817 3015 erant
837 2949 966 3025 Christi,
987 2950 1062 3031 quia
1081 2949 1226 3015 Christus
1251 2969 1287 3013 er

137 3056 254 3120 Dauid.
284 3054 393 3142 [immo
422 3056 491 3139 ipsa
520 3057 579 3121 erit
607 3076 677 3121 earo
707 3058 775 3121 eius
803 3056 953 3140 religiosa
983 3058 1014 3119 et
1041 3055 1148 3119 fidelia
1171 3056 1286 3132 Dauid,

227 3283 254 3351 5)
274 3284 318 3339 m.
338 3285 381 3351 55,
400 3286 424 3337 4.
445 3284 469 3338 5.
525 3285 551 3352 er
571 3286 614 3338 ros.
635 3286 678 3351 55,
698 3284 722 3336 5.
780 3284 824 3352 10}
844 3283 889 3336 rs.
911 3284 971 3340 131.
992 3285 1033 3337 11.

174 3426 189 3477 2
210 3441 271 3477 eum
291 3425 358 3492 <in>
383 3425 541 3479 nationibus
560 3429 604 3491 (=
625 3424 651 3476 ἐν
671 3423 783 3491 ἔθνεσιν)
807 3424 872 3493 Eup
890 3424 949 3491 (aad
966 3426 1002 3492 ef.
1024 3427 1085 3491 412,
1105 3426 1150 3488 19)
1224 3425 1241 3475 4
1259 3429 1287 3475 te

137 3513 240 3581 (prium)
260 3530 310 3567 om.
325 3513 355 3567 F
409 3514 441 3567 14
456 3518 547 3567 autem
561 3514 632 3577 MR,
652 3530 716 3582 ergo
731 3513 803 3566 Pam
860 3514 891 3565 15
911 3511 1217 3583 superest-deputauit
1230 3514 1287 3579 (21)

135 3604 168 3656 ier
183 3601 248 3655 ΜΡ
260 3602 301 3655 bia
315 3608 473 3671 compareret
546 3600 578 3654 de
594 3618 691 3669 genere
706 3602 742 3654 M
754 3606 816 3666 (ree.
831 3605 854 3667 l)
867 3602 902 3655 R.
918 3618 948 3653 ex
967 3616 1065 3669 genere
1080 3600 1117 3653 M
1132 3602 1194 3658 (ree.
1214 3604 1243 3667 2)
1258 3600 1288 3652 Ν

138 3692 172 3745 19
196 3691 303 3760 redegit
326 3690 360 3744 ad
383 3691 532 3759 principem
556 3690 592 3743 M
613 3695 675 3757 (ree.
701 3694 725 3757 1)
749 3689 784 3753 R,
809 3690 918 3759 redigat
941 3690 1088 3759 prinoipem
1107 3689 1144 3742 M
1165 3695 1226 3753 (ree.
1247 3692 1287 3748 21,

137 3780 248 3849 redegit
265 3780 413 3849 prinoipem
432 3779 491 3831 NF
563 3785 590 3833 et
612 3779 732 3832 familiae
756 3782 861 3847 patrem
884 3778 921 3831 Μ
943 3783 1004 3840 (ree.
1028 3783 1051 3839 1)
1075 3777 1110 3844 Β,
1134 3781 1239 3846 patrem
1259 3780 1287 3828 et

138 3868 258 3922 familiae
273 3868 308 3921 M
322 3872 382 3933 (rer.
399 3871 427 3935 2)
442 3866 474 3919 N
516 3868 550 3921 20
566 3884 626 3921 nam
644 3868 707 3935 quia
721 3867 831 3929 MGRi,
852 3867 914 3934 quia
928 3864 968 3919 R¹
1031 3866 1145 3933 uirginis
1164 3868 1287 3917 uentrem

136 3960 210 4027 patri
229 3974 290 4011 eum
308 3959 417 4027 aerrpai:
438 3958 553 4027 uirginis
573 3974 634 4010 eum
660 3960 780 4010 uentrem
805 3957 877 4025 patri
895 3957 932 4008 M
949 3969 1009 4021 (rec.
1028 3957 1053 4021 1)
1072 3954 1149 4017 Rle,
1173 3955 1286 4021 uirginis

135 4052 259 4101 uentrem
279 4047 313 4099 M
333 4058 394 4112 (ree.
414 4051 443 4113 2)
463 4045 535 4101 ΜΝ
582 4047 614 4099 21
636 4047 762 4113 itaquae
787 4046 853 4098 Urs:
871 4046 964 4113 itaque
983 4043 1045 4097 MR
1099 4060 1171 4096 nouo
1189 4060 1239 4096 om.
1260 4044 1289 4095 1⁸

128 4138 171 4190 :24
203 4136 518 4190 immo—resurreetione
546 4135 657 4188 seclrrsa':
679 4134 850 4202 trepidissime
878 4134 1059 4202 interpolatio
1085 4138 1150 4186 sum
1179 4132 1287 4186 leelorr'o

137 4225 290 4293 coroadam,
314 4226 363 4295 qui
386 4225 480 4293 aptius
502 4224 557 4277 eibi
574 4224 724 4277 uidebatur
742 4223 920 4290 interpretari
938 4224 1093 4290 scripturae
1115 4221 1218 4285 loetum
1240 4221 1287 4273 sed

137 4316 205 4383 qnid
222 4315 268 4368 bic
287 4314 474 4368 demonstrare
491 4314 558 4367 uelit
581 4312 781 4379 Tertullianus,
800 4327 915 4378 prorsus
933 4328 990 4364 eurr
1005 4312 1113 4380 sapione
1130 4309 1243 4363 uidetur
