3250 4959
310 377 377 441 638
542 375 658 441 Quinti
677 376 817 447 Septimi
835 377 1003 431 Florentio
1023 377 1227 432 Tertulliani

312 570 450 646 Christo,
474 573 634 655 cumipse
654 572 819 654 apostolus
839 571 958 654 ubique
976 591 1034 638 nos
1054 571 1091 636 de
1111 571 1276 654 prophetia
1299 575 1451 636 exstruere

312 697 373 742 non
393 683 504 745 desset
524 679 606 744 unde
626 680 709 744 enim
730 679 853 760 aceepit
871 698 1033 744 summum
1052 680 1235 763 angularem
1255 678 1357 744 dieere
1369 678 1452 743 chri·

312 789 409 864 stum,
437 787 498 850 nisi
523 787 561 850 de
584 786 699 869 psalmi
723 785 970 868 significatione:
1003 786 1113 868 lapis,
1148 803 1255 867 quem
1288 785 1451 866 reproba·

311 897 450 958 uerunt
473 893 734 971 aedificantes,
758 893 832 957 iste
855 894 983 957 laetus
1007 899 1067 956 est
1088 893 1123 956 in
1144 911 1287 956 summo
1306 892 1449 976 anguli?

358 1001 408 1063 18.
438 1001 484 1064 De
516 1001 619 1064 mania
651 999 801 1065 haeretici
829 999 1031 1082 praecidendi
1059 1017 1121 1064 non
1149 999 1255 1076 miror,
1278 999 1402 1080 (miror)
1423 1000 1489 1063 sis
1598 1068 1599 1085 χ

308 1106 448 1187 syllabas
465 1107 633 1182 subtrabit,
646 1127 718 1171 eum
732 1105 863 1190 paginas
878 1109 962 1172 totas
978 1106 1166 1188 plerumque
1180 1105 1340 1170 subducit
1351 1105 1450 1170 datam

310 1213 414 1295 inquit
438 1214 498 1278 sibi
524 1213 688 1296 apostolus
714 1214 849 1297 gratiam
872 1212 1082 1278 nouissimo
1113 1212 1275 1277 omnium
1307 1212 1452 1276 inlumi-

309 1320 423 1384 nandi
448 1339 585 1398 omnes,
610 1339 703 1402 quae
727 1320 968 1401 dispensatio
992 1319 1220 1384 sacramenti
1245 1318 1388 1384 oeoulti
1410 1319 1451 1382 ab

309 1427 415 1492 aeuis
430 1428 465 1491 in
481 1427 558 1504 deo,
574 1428 637 1509 qui
652 1427 774 1492 omnia
790 1426 972 1492 condidit.
987 1427 1093 1509 rapuit
1106 1426 1287 1491 haereticus
1302 1427 1356 1491 ‘in’
1369 1445 1451 1509 prae

308 1534 501 1617 positionem
517 1538 549 1598 et
561 1534 609 1598 ita
621 1533 684 1618 legi
701 1533 792 1599 lauit:
808 1534 938 1598 ‘oeoulti
953 1534 990 1598 ab
1006 1533 1093 1598 aenis
1109 1533 1178 1606 deo,
1195 1533 1249 1615 qui
1265 1534 1371 1598 omnia
1384 1551 1451 1598 oon·
1467 1551 1492 1592 so

310 1639 411 1706 didit’.
432 1641 487 1705 sed
507 1641 622 1705 emieat
639 1641 767 1705 falsum.
786 1640 884 1704 infert
901 1640 984 1704 enim
1004 1640 1185 1723 apostolus:
1209 1643 1252 1703 ut
1273 1643 1363 1704 nota
1384 1639 1454 1704 fiet

309 1747 594 1831 principatibus
618 1751 655 1812 et
678 1747 940 1830 potestatibus
960 1747 996 1811 in
1016 1747 1372 1829 supercaelestibus
1390 1766 1453 1830 per

308 1854 734 1918 eeclesiammnltifaria
751 1853 940 1937 sapientia
953 1853 1022 1917 dei.
1034 1853 1126 1918 ouius
1137 1853 1452 1936 dieitprineipatibus

306 1964 341 2024 et
358 1961 591 2044 potestatibus?
612 1961 639 2025 si
659 1961 819 2038 creatoris,
839 1960 931 2042 quale
946 1966 1006 2034 est,
1025 1960 1306 2042 ntprineipatibus
1321 1965 1355 2025 et
1367 1965 1454 2044 pote

308 2068 445 2132 statibus
471 2068 539 2134 eius
564 2067 688 2132 ostendi
710 2069 851 2132 uoluerit
874 2067 952 2131 deus
974 2067 1029 2132 ille
1053 2067 1239 2148 sapientiam
1265 2087 1367 2132 suam.
1391 2067 1493 2150 ipsiu

306 2176 415 2238 autem
439 2193 509 2240 non.
534 2173 657 2256 quando
677 2191 735 2238 nee
753 2177 929 2255 potestates
949 2174 1016 2238 sine
1035 2193 1093 2238 suo
1112 2173 1253 2256 principe
1272 2175 1455 2255 potuissent

306 2279 383 2361 quid
403 2285 615 2364 cognoscere?
636 2285 691 2346 aut
710 2282 737 2345 si
753 2281 824 2346 ideo
840 2281 934 2346 deum
949 2300 1012 2345 non
1030 2280 1209 2346 nominauit
1226 2280 1289 2353 bie,
1311 2281 1403 2362 quasi
1420 2281 1451 2344 in

307 2386 371 2450 illis
392 2393 423 2450 et
437 2389 582 2470 princeps
595 2389 665 2470 ipso
679 2391 854 2470 reputetur,
870 2406 944 2472 ergo
960 2390 993 2452 et
1008 2388 1201 2451 occultatum
1218 2391 1450 2451 sacramentnm

305 2493 534 2574 principatibus
547 2497 579 2558 et
587 2496 801 2577 potestatibus
812 2495 892 2563 eius.
903 2494 958 2576 qui
972 2495 1078 2558 omnia
1092 2493 1243 2570 condidit,
1253 2494 1451 2576 pronuntias-

305 2602 366 2677 set,
375 2600 505 2682 proinde
519 2601 551 2664 iu
566 2600 630 2665 illis
646 2601 801 2682 deputans
816 2602 932 2684 ipsum.
945 2600 1029 2682 quod
1044 2601 1071 2663 si
1085 2599 1134 2664 illi
1149 2599 1227 2664 dioit
1241 2599 1448 2675 occultatum,
1465 2613 1492 2654 π

304 2705 353 2768 illi
372 2705 507 2771 debebat
527 2707 642 2772 dixisse
661 2708 941 2791 manifest<at>um
957 2726 1032 2791 ergo
1050 2726 1111 2771 uon
1131 2707 1210 2771 ‘deo’
1226 2713 1294 2770 erat
1312 2707 1450 2772 oecultu-

304 2817 384 2890 tum‚
400 2813 455 2876 sed
470 2814 510 2878 ‘in
526 2814 604 2887 deo'.
621 2815 761 2878 omnium
778 2813 950 2889 conditore,
966 2814 1126 2878 oecultum
1146 2817 1254 2878 autem
1267 2813 1448 2896 principati·

304 2919 364 2983 bus
385 2922 417 2983 et
440 2923 654 3003 potestatibus
675 2921 754 2985 eins.
778 2921 862 3002 quis
887 2921 985 2984 enim
1008 2921 1194 3005 cognouit
1216 2939 1367 2984 sensnm
1392 2920 1450 2983 do·

303 3025 393 3090 mini
413 3031 478 3091 ant
503 3028 587 3110 quis
613 3029 645 3092 ei
669 3028 917 3093 consiliarius
942 3027 1037 3092 tuit?
1058 3028 1108 3092 hie
1132 3032 1246 3111 eaptus
1268 3026 1448 3091 haereticus

302 3130 437 3197 fortasse
452 3134 599 3211 mutabit,
615 3135 661 3198 uti
679 3134 764 3198 dieat
778 3134 872 3198 deum
888 3153 983 3198 suum
998 3134 1066 3198 suis
1080 3133 1296 3217 potestatibus
1316 3137 1350 3198 et
1366 3133 1447 3214 prin·
1463 3147 1488 3186 ὅ

393 3272 419 3340 1]
440 3272 474 3326 er.
494 3273 562 3342 apt.
582 3275 607 3336 2,
626 3274 668 3326 21.
725 3273 994 3342 aperupnaao
1049 3273 1076 3341 a]
1096 3271 1140 3327 es.
1158 3273 1219 3341 117,
1234 3272 1278 3326 aa.
1333 3271 1446 3342 upupa

299 3359 326 3418 3.
346 3359 424 3414 s-e.
482 3362 525 3430 11]
546 3361 612 3431 toph.
632 3364 657 3429 e,
679 3362 720 3417 ro.
775 3362 820 3431 aa]
840 3361 886 3418 ss.
906 3363 949 3422 ro,
972 3362 1013 3414 1e.

336 3466 352 3517 2
368 3467 524 3535 angularem
539 3467 581 3530 ol,
595 3467 711 3537 lapidem
727 3468 884 3535 anfflilerern
894 3467 1017 3536 Raulpo
1052 3467 1069 3520 4
1084 3468 1112 3520 in
1126 3483 1259 3521 summum
1273 3467 1368 3535 anguli
1375 3468 1445 3534 fort

296 3555 392 3621 talin:
402 3557 430 3610 in
441 3563 523 3626 caput
533 3558 635 3627 anguli)
673 3561 688 3610 d
699 3559 790 3610 mania
799 3563 843 3622 l:
849 3557 938 3628 μανία)
947 3556 1077 3611 baeretici
1086 3555 1260 3627 praecidendi
1268 3556 1444 3625 smpsimu-

299 3643 1328 3716 nibushaereticipraecidendisMR.manibnshaeretiuipraeoidentisPom
1364 3644 1445 3696 miror

300 3731 449 3803 addidilof.
459 3737 796 3805 625,18),Enpinoeprum
802 3741 911 3802 putans
919 3735 993 3788 buoso
1002 3732 1443 3803 locumeics'ntettepomtckstctt-

299 3821 354 3876 licb
364 3822 466 3891 dassen,
476 3841 535 3880 was
549 3825 636 3878 durch
650 3824 694 3878 die
708 3823 812 3877 Hdade
827 3824 873 3878 dee
887 3823 1001 3877 Keoers
1012 3822 1235 3892 meppesclonitten
1246 3822 1356 3876 werden
1368 3820 1443 3886 mall,

297 3911 425 3968 mandere
440 3913 487 3967 iob
504 3913 575 3967 micis
593 3913 677 3977 nieht,
696 3929 774 3967 wenn
793 3929 857 3966 ετ..
896 3911 929 3966 12
945 3914 972 3966 in
987 3911 1231 3982 supercaelestibus
1252 3911 1317 3966 θεῖε
1335 3912 1444 3978 insuper

298 4000 460 4055 caelestibus
482 4001 545 4056 Mle
635 4001 713 4054 multi
742 4002 819 4054 uaria
841 4001 878 4053 M
959 4001 992 4054 19
1020 3999 1144 4054 condidit
1166 3999 1238 4054 Lot.-
1266 3997 1360 4054 condit
1381 3998 1443 4054 MR

297 4089 331 4142 20
355 4090 395 4144 illi
417 4090 529 4159 sumpsi:
552 4091 607 4144 illis
630 4090 688 4143 MR
786 4090 819 4142 21
844 4089 885 4142 illi
905 4089 974 4158 Rip:
997 4090 1052 4151 illis
1071 4088 1108 4142 M
1127 4089 1209 4156 (eoru.
1234 4105 1269 4141 m.
1293 4091 1327 4155 1),
1350 4087 1398 4140 ille
1415 4086 1443 4141 R

293 4177 498 4233 manifestatum
512 4179 626 4246 empsit
642 4179 816 4232 menifestum
828 4177 891 4231 MR
948 4179 982 4230 24
997 4178 1023 4231 ei
1037 4177 1260 4243 consiliarium,
1274 4175 1441 4230 consiliarius

293 4265 449 4336 eiRuulpo
505 4270 539 4320 25
558 4268 676 4320 mutabit
695 4267 764 4322 Ian:
784 4267 902 4320 mutauit
921 4266 982 4319 MR
991 4267 1090 4334 reliqui
