3250 4959
249 402 252 409 ¹
309 375 354 439 34
546 369 663 436 Quinti
683 368 826 439 Septimi
844 368 1017 422 Plorantis
1035 366 1242 422 Tertulliani

310 585 471 632 summum
511 564 631 630 saeouli
672 584 799 644 numen,
840 582 902 629 non
946 562 1022 647 quia
1057 562 1257 647 elephantus,
1295 563 1351 629 sed
1387 562 1464 647 quia

309 672 439 738 Phidias
466 676 588 738 tantus:
618 671 697 736 deus
726 672 835 750 uiuus,
864 671 943 736 deus
975 688 1073 736 uerus
1102 689 1336 753 quamcumque
1363 674 1462 735 mate-

308 780 373 844 riae
401 780 561 845 uilitatem
588 798 649 844 non
682 778 721 843 do
749 797 808 844 sua
836 777 1020 860 operatione
1046 780 1220 860 purgasset
1247 780 1281 842 et
1307 777 1346 841 ab
1376 776 1462 842 omni

309 886 493 952 infirmitate
526 889 692 951 sanasset?
726 904 763 949 an
799 883 861 949 hoo
894 884 1062 967 supererit,
1098 888 1136 948 ut
1167 884 1334 949 honestius
1365 882 1460 948 bomo

312 994 407 1060 deum
440 1013 533 1076 quam
567 992 728 1058 hominem
765 991 845 1057 deus
882 990 1027 1055 finxerit?
1065 1009 1148 1055 nuno
1180 990 1243 1055 etsi
1275 990 1461 1056 scandalum
1494 1010 1511 1049 a

310 1100 420 1179 limus,
444 1101 506 1165 alia
533 1101 598 1164 iam
625 1118 675 1164 res
704 1102 761 1164 est.
786 1118 912 1164 earnem
935 1098 999 1162 iarn
1018 1100 1123 1178 teneo,
1146 1118 1210 1163 non
1232 1102 1360 1177 terram,
1383 1098 1462 1163 lieet

312 1210 344 1271 et
367 1224 437 1272 earo
462 1206 584 1271 audiat:
610 1210 720 1271 terra
747 1224 786 1270 es
816 1209 856 1269 et
878 1204 917 1269 in
941 1208 1088 1269 terram
1117 1204 1209 1269 ibis.
1238 1205 1327 1289 origo
1354 1224 1461 1271 reeen-

311 1315 409 1390 setur,
435 1330 496 1377 non
521 1312 710 1378 substantia,
738 1306 921 1399 [reuocatur
944 1308 1065 1397 datum]
1089 1314 1141 1376 est
1163 1329 1234 1376 esse
1257 1310 1379 1393 aliquid
1401 1311 1462 1376 ori·

311 1420 383 1503 gine
407 1418 590 1503 generosius
615 1421 648 1482 et
671 1418 905 1483 demutatione
928 1417 1063 1483 ielioius.
1083 1420 1209 1482 namet
1231 1436 1343 1482 aurum
1365 1421 1459 1497 terra,

310 1524 385 1607 quia
407 1525 446 1590 de
468 1528 560 1605 terra,
583 1524 737 1589 hactenus
760 1527 866 1589 tamen
890 1526 981 1603 terra,
1002 1542 1038 1588 er
1058 1542 1120 1606 quo
1139 1542 1262 1601 aurum,
1279 1525 1374 1608 longe
1398 1524 1461 1589 alia
1478 1544 1508 1585 ro

311 1631 452 1708 materia,
485 1630 680 1713 splendidior
711 1634 806 1712 atque
843 1629 989 1708 nobilior,
1019 1630 1057 1694 de
1089 1628 1281 1695 obsoletiore
1316 1630 1459 1696 matrioe.

309 1737 356 1803 ita
379 1740 412 1802 et
434 1737 492 1801 deo
515 1737 609 1801 liouit
632 1737 733 1801 earnis
758 1756 871 1801 aurum
895 1736 933 1802 de
952 1736 1032 1814 limi,
1051 1736 1168 1820 quibus
1187 1739 1293 1819 putas,
1312 1737 1461 1803 sordibus

311 1846 459 1909 excusato
484 1862 581 1907 oensu
605 1842 774 1925 eliquasse.

358 1951 385 2013 7.
428 1949 488 2015 Sed
518 1950 649 2015 dilutior
683 1949 832 2014 uideatur
864 1950 1037 2015 arrotoritas
1075 1950 1188 2028 earnis,
1226 1951 1301 2032 quia
1331 1970 1393 2015 non
1426 1955 1460 2016 et

309 2055 413 2139 ipsam
432 2056 558 2140 proprie
577 2074 689 2121 manus
708 2056 817 2120 diuina
834 2054 994 2136 traotrmit,
1018 2056 1115 2121 sicuti
1138 2057 1260 2122 limum.
1284 2078 1308 2124 a
1333 2059 1457 2141 quando
1477 2078 1504 2117 rs

310 2162 341 2227 in
366 2162 425 2227 hoo
456 2163 641 2227 traotauerit
664 2162 788 2241 limum,
812 2166 850 2227 ut
871 2162 1077 2245 postmodum
1101 2182 1173 2229 caro
1196 2162 1287 2227 fieret
1309 2184 1346 2229 ex
1367 2164 1457 2245 limo,

310 2269 395 2333 oarni
415 2269 525 2351 utique
547 2268 712 2352 negotium
736 2269 847 2353 gessit.
872 2268 929 2334 sed
952 2269 1054 2333 adhue
1076 2270 1175 2335 uelim
1195 2269 1310 2349 diseas,
1330 2271 1456 2353 quando

312 2379 345 2441 et-
377 2375 533 2458 quomodo
563 2394 634 2440 earo
667 2374 809 2441 floruerit
838 2395 874 2440 ex
896 2376 984 2441 limo.
1012 2395 1114 2460 neque
1141 2376 1235 2453 enim,
1263 2380 1300 2441 ut
1328 2378 1457 2459 quidam

307 2482 434 2561 nolunt,
462 2482 536 2546 illae
563 2481 710 2564 pellioiae
736 2482 873 2562 tunicae,
902 2502 980 2565 quas
999 2482 1101 2547 Adam
1125 2486 1158 2547 et
1179 2483 1248 2547 Eua
1274 2484 1456 2565 paradisum

311 2589 397 2652 eruti
420 2588 601 2665 induerunt,
628 2590 717 2671 ipsae
746 2594 839 2653 erunt
866 2591 968 2655 earnis
997 2610 1034 2654 er
1055 2589 1133 2655 limo
1160 2590 1355 2670 reformatio,
1382 2610 1456 2656 curn
1474 2612 1501 2653 ro

311 2694 472 2777 aliquanto
491 2696 580 2780 prius
600 2700 631 2760 et
650 2696 751 2760 Adam
770 2697 969 2761 substantiae
988 2716 1065 2761 suae
1082 2696 1245 2762 traducem
1266 2696 1298 2761 in
1321 2697 1458 2762 feminae

309 2800 373 2864 iam
398 2819 488 2865 earne
512 2802 734 2887 recognouerit
751 2838 795 2848 -
813 2802 887 2867 hoo
910 2822 1009 2867 nunc
1034 2822 1076 2868 os
1101 2822 1143 2867 ex
1167 2804 1334 2869 ossibus
1357 2805 1456 2869 meis

310 2911 350 2971 et
383 2926 470 2971 earo
503 2927 545 2971 er
579 2926 697 2973 earne
729 2927 812 2973 mea
840 2946 884 2955 —
912 2912 945 2974 et
975 2911 1047 2991 ipsa
1078 2909 1229 2975 delibatio
1263 2910 1398 2975 maseuli
1424 2910 1456 2974 in

309 3013 459 3079 feminam
484 3032 575 3077 earne
595 3014 742 3097 suppleta
762 3014 814 3095 sit,
836 3015 923 3089 limo,
948 3016 1070 3097 opinor,
1095 3015 1281 3099 supplenda,
1304 3016 1332 3081 si
1355 3015 1456 3081 Adam

311 3120 414 3185 adhue
451 3120 558 3187 limus.
598 3121 786 3187 obliteratus
817 3122 918 3206 igitur
954 3126 986 3186 et
1014 3121 1185 3187 deuoratus
1219 3126 1269 3187 est
1298 3122 1397 3188 limus
1422 3123 1457 3188 in
1474 3142 1500 3183 a

400 3348 427 3416 r]
448 3346 514 3401 een.
534 3350 559 3415 3,
581 3349 622 3402 19.
680 3349 724 3417 19]
745 3346 778 3401 cr.
799 3346 866 3404 oen.
887 3348 912 3415 a,
931 3348 975 3402 ar.
1030 3349 1077 3417 22]
1097 3348 1165 3403 oen.
1184 3349 1211 3416 a,
1229 3349 1274 3404 aa.

348 3472 360 3523 l
389 3488 444 3525 non
473 3474 538 3541 quia
565 3473 726 3541 elephantus
754 3474 790 3539 Β,
814 3471 975 3543 elephantus
1002 3473 1095 3527 PMF
1145 3475 1162 3526 2
1186 3476 1215 3526 et
1237 3472 1303 3527 deus
1326 3490 1407 3528 uerus
1437 3474 1462 3528 0

310 3560 326 3611 6
345 3560 399 3613 iam
419 3577 471 3615 om.
489 3562 520 3615 F
581 3562 595 3613 7
617 3565 644 3614 et
663 3578 723 3615 caro
742 3561 840 3625 PMF,
862 3578 922 3616 caro
944 3562 996 3617 Gal
1050 3564 1067 3617 8
1086 3565 1229 3616 reuocetur
1248 3562 1342 3617 datum
1359 3564 1460 3617 seclusi

310 3652 342 3701 set
358 3650 478 3717 plorarem
500 3650 719 3704 interlineares:
742 3658 912 3705 emerserat
930 3658 1029 3705 auctor
1050 3668 1161 3706 comem
1183 3652 1385 3720 quodammodo
1403 3668 1460 3708 oeae

312 3744 421 3801 terram,
437 3738 485 3791 sed
499 3740 600 3791 abhinc
615 3740 688 3806 quod
702 3739 776 3793 dedit
789 3741 943 3810 reetrinpit:
958 3745 1001 3794 est
1015 3758 1074 3795 esse
1088 3744 1124 3810 os.
1134 3758 1165 3809 p.
1180 3745 1240 3808 114,
1250 3745 1294 3795 10.
1304 3746 1343 3795 11.
1392 3742 1410 3796 9
1424 3740 1459 3796 de

310 3828 459 3879 mutatione
487 3827 599 3895 scripsi:
626 3826 811 3883 demutatione
838 3829 930 3883 PMF
983 3830 1013 3883 ll
1044 3829 1222 3888 obsoletiore¹
1241 3829 1304 3884 θεῖε
1333 3830 1459 3885 obsolen-

311 3913 379 3967 tiore
394 3913 484 3966 PMF
538 3916 569 3969 13
585 3919 728 3970 excausato
743 3916 773 3970 F
828 3920 861 3971 14
875 3916 988 3971 dilutior
1000 3917 1098 3986 PMF,
1112 3935 1146 3972 ne
1161 3918 1314 3972 dilutiorB
1369 3920 1402 3974 15
1416 3918 1458 3973 ia·

311 4018 411 4055 eunom
434 4003 559 4072 agnoui:
587 4005 689 4059 atenim
713 4006 887 4060 desideratae
942 4009 975 4061 16
997 4008 1159 4061 tractauerit
1181 4006 1251 4070 ΜΡ,
1279 4008 1411 4061 tractauit
1433 4007 1461 4060 P

310 4091 394 4158 uulgo
450 4092 482 4145 li
503 4094 576 4146 ourni
597 4093 690 4161 PMF,
710 4096 797 4148 earnis
819 4095 872 4149 Gel
944 4094 1052 4165 quando
1072 4099 1100 4149 et
1119 4094 1253 4164 quomodo
1271 4095 1367 4150 Fors:
1390 4112 1458 4166 quo·

311 4178 390 4233 ruodo
424 4184 452 4233 et
484 4180 591 4250 quando
619 4182 683 4237 PM
734 4184 766 4237 21
801 4184 920 4237 feminae
952 4183 1008 4237 iam
1041 4200 1121 4239 earne
1148 4183 1244 4248 PMF,
1276 4184 1378 4239 femina
1403 4185 1460 4239 iam

311 4284 417 4322 carnem
440 4268 463 4323 0
