<?xml version="1.0" encoding="UTF-8"?>
<!DOCTYPE html PUBLIC "-//W3C//DTD XHTML 1.0 Transitional//EN"
    "http://www.w3.org/TR/xhtml1/DTD/xhtml1-transitional.dtd">
<html xmlns="http://www.w3.org/1999/xhtml" xml:lang="en" lang="en">
 <head>
  <title>
</title>
<meta http-equiv="Content-Type" content="text/html;charset=utf-8" />
  <meta name='ocr-system' content='tesseract 3.04.00' />
  <meta name='ocr-capabilities' content='ocr_page ocr_carea ocr_par ocr_line ocrx_word'/>
</head>
<body>
  <div class='ocr_page' id='page_1' title='image "./corpusscriptoru20wissgoog_0019.png"; bbox 0 0 3250 4959; ppageno 0'>
   <div class='ocr_carea' id='block_1_1' title="bbox 687 392 1364 464">
    <p class='ocr_par' dir='ltr' id='par_1_1' title="bbox 687 392 1364 464">
     <span class='ocr_line' id='line_1_1' title="bbox 687 392 1364 464; baseline -0.004 -15"><span class='ocrx_word' id='word_1_1' title='bbox 687 392 908 451; x_wconf 78' lang='lat' dir='ltr'><strong>Praelatio.</strong></span> <span class='ocrx_word' id='word_1_2' title='bbox 1318 398 1364 464; x_wconf 74' lang='lat' dir='ltr'><strong>XI</strong></span> 
     </span>
    </p>
   </div>
   <div class='ocr_carea' id='block_1_2' title="bbox 206 586 1435 3984">
    <p class='ocr_par' dir='ltr' id='par_1_2' title="bbox 206 586 1366 3873">
     <span class='ocr_line' id='line_1_2' title="bbox 208 586 1363 678; baseline 0.007 -26"><span class='ocrx_word' id='word_1_3' title='bbox 208 604 287 670; x_wconf 88' lang='lat' dir='ltr'><strong>pore</strong></span> <span class='ocrx_word' id='word_1_4' title='bbox 318 586 473 655; x_wconf 70' lang='lat' dir='ltr'><strong>anditum</strong></span> <span class='ocrx_word' id='word_1_5' title='bbox 501 588 664 657; x_wconf 90' lang='lat' dir='ltr'><strong>hebemus.</strong></span> <span class='ocrx_word' id='word_1_6' title='bbox 698 607 890 675; x_wconf 89' lang='lat' dir='ltr'><strong>quamquam</strong></span> <span class='ocrx_word' id='word_1_7' title='bbox 918 608 979 656; x_wconf 91' lang='lat' dir='ltr'><strong>nou</strong></span> <span class='ocrx_word' id='word_1_8' title='bbox 998 590 1149 658; x_wconf 72' lang='lat' dir='ltr'><strong>nidorem</strong></span> <span class='ocrx_word' id='word_1_9' title='bbox 1173 588 1266 659; x_wconf 87' lang='lat' dir='ltr'><strong>nobis</strong></span> <span class='ocrx_word' id='word_1_10' title='bbox 1289 612 1363 678; x_wconf 87' lang='lat' dir='ltr'><strong>sup·</strong></span> 
     </span>
     <span class='ocr_line' id='line_1_3' title="bbox 210 696 1365 781; baseline 0.005 -22"><span class='ocrx_word' id='word_1_11' title='bbox 210 696 318 779; x_wconf 89' lang='lat' dir='ltr'><strong>petere</strong></span> <span class='ocrx_word' id='word_1_12' title='bbox 350 697 596 780; x_wconf 85' lang='lat' dir='ltr'><strong>eomparationis</strong></span> <span class='ocrx_word' id='word_1_13' title='bbox 628 696 794 763; x_wconf 57' lang='lat' dir='ltr'><strong>maasiam</strong></span> <span class='ocrx_word' id='word_1_14' title='bbox 823 714 1017 781; x_wconf 81' lang='lat' dir='ltr'><strong>magnopere</strong></span> <span class='ocrx_word' id='word_1_15' title='bbox 1045 696 1215 764; x_wconf 88' lang='lat' dir='ltr'><strong>dolendum</strong></span> <span class='ocrx_word' id='word_1_16' title='bbox 1237 703 1299 778; x_wconf 78' lang='lat' dir='ltr'><strong>est,</strong></span> <span class='ocrx_word' id='word_1_17' title='bbox 1330 699 1365 765; x_wconf 91' lang='lat' dir='ltr'><strong>id</strong></span> 
     </span>
     <span class='ocr_line' id='line_1_4' title="bbox 208 800 1364 889; baseline 0.007 -25"><span class='ocrx_word' id='word_1_18' title='bbox 208 800 317 866; x_wconf 64' lang='lat' dir='ltr'><strong>buron</strong></span> <span class='ocrx_word' id='word_1_19' title='bbox 351 801 550 889; x_wconf 80' lang='lat' dir='ltr'><strong>singulorum</strong></span> <span class='ocrx_word' id='word_1_20' title='bbox 585 804 730 870; x_wconf 87' lang='lat' dir='ltr'><strong>loeorom</strong></span> <span class='ocrx_word' id='word_1_21' title='bbox 766 803 978 889; x_wconf 74' lang='lat' dir='ltr'><strong>castigatione</strong></span> <span class='ocrx_word' id='word_1_22' title='bbox 1013 802 1249 871; x_wconf 76' lang='lat' dir='ltr'><strong>demonstrasse</strong></span> <span class='ocrx_word' id='word_1_23' title='bbox 1284 805 1364 872; x_wconf 91' lang='lat' dir='ltr'><strong>mihi</strong></span> 
     </span>
     <span class='ocr_line' id='line_1_5' title="bbox 209 906 1364 994; baseline 0.006 -22"><span class='ocrx_word' id='word_1_24' title='bbox 209 906 332 990; x_wconf 86' lang='lat' dir='ltr'><strong>uideor,</strong></span> <span class='ocrx_word' id='word_1_25' title='bbox 355 928 431 994; x_wconf 89' lang='lat' dir='ltr'><strong>prae</strong></span> <span class='ocrx_word' id='word_1_26' title='bbox 461 910 640 994; x_wconf 72' lang='lat' dir='ltr'><strong>antiquiore</strong></span> <span class='ocrx_word' id='word_1_27' title='bbox 671 910 826 975; x_wconf 89' lang='lat' dir='ltr'><strong>memoria</strong></span> <span class='ocrx_word' id='word_1_28' title='bbox 857 908 1005 976; x_wconf 90' lang='lat' dir='ltr'><strong>omnibus</strong></span> <span class='ocrx_word' id='word_1_29' title='bbox 1031 909 1098 977; x_wconf 85' lang='lat' dir='ltr'><strong>iere</strong></span> <span class='ocrx_word' id='word_1_30' title='bbox 1128 911 1161 978; x_wconf 93' lang='lat' dir='ltr'><strong>in</strong></span> <span class='ocrx_word' id='word_1_31' title='bbox 1187 910 1269 979; x_wconf 88' lang='lat' dir='ltr'><strong>loeis</strong></span> <span class='ocrx_word' id='word_1_32' title='bbox 1291 931 1364 979; x_wconf 88' lang='lat' dir='ltr'><strong>oon·</strong></span> 
     </span>
     <span class='ocr_line' id='line_1_6' title="bbox 209 1013 1364 1096; baseline 0.004 -17"><span class='ocrx_word' id='word_1_33' title='bbox 209 1013 412 1080; x_wconf 74' lang='lat' dir='ltr'><strong>temnendam</strong></span> <span class='ocrx_word' id='word_1_34' title='bbox 435 1034 508 1082; x_wconf 88' lang='lat' dir='ltr'><strong>esse</strong></span> <span class='ocrx_word' id='word_1_35' title='bbox 530 1016 748 1096; x_wconf 78' lang='lat' dir='ltr'><strong>recentiorem,</strong></span> <span class='ocrx_word' id='word_1_36' title='bbox 770 1015 905 1083; x_wconf 80' lang='lat' dir='ltr'><strong>traxisse</strong></span> <span class='ocrx_word' id='word_1_37' title='bbox 927 1021 1036 1082; x_wconf 89' lang='lat' dir='ltr'><strong>autem</strong></span> <span class='ocrx_word' id='word_1_38' title='bbox 1058 1016 1149 1083; x_wconf 91' lang='lat' dir='ltr'><strong>illam</strong></span> <span class='ocrx_word' id='word_1_39' title='bbox 1171 1018 1255 1084; x_wconf 89' lang='lat' dir='ltr'><strong>hune</strong></span> <span class='ocrx_word' id='word_1_40' title='bbox 1281 1036 1364 1084; x_wconf 92' lang='lat' dir='ltr'><strong>mor·</strong></span> 
     </span>
     <span class='ocr_line' id='line_1_7' title="bbox 208 1119 1363 1209; baseline 0.004 -24"><span class='ocrx_word' id='word_1_41' title='bbox 208 1119 287 1186; x_wconf 89' lang='lat' dir='ltr'><strong>bum</strong></span> <span class='ocrx_word' id='word_1_42' title='bbox 310 1140 373 1189; x_wconf 89' lang='lat' dir='ltr'><strong>non</strong></span> <span class='ocrx_word' id='word_1_43' title='bbox 395 1124 462 1189; x_wconf 89' lang='lat' dir='ltr'><strong>taur</strong></span> <span class='ocrx_word' id='word_1_44' title='bbox 486 1141 523 1189; x_wconf 85' lang='lat' dir='ltr'><strong>er</strong></span> <span class='ocrx_word' id='word_1_45' title='bbox 544 1122 667 1190; x_wconf 88' lang='lat' dir='ltr'><strong>ineuria</strong></span> <span class='ocrx_word' id='word_1_46' title='bbox 688 1122 890 1189; x_wconf 75' lang='lat' dir='ltr'><strong>librariorum</strong></span> <span class='ocrx_word' id='word_1_47' title='bbox 908 1140 1004 1207; x_wconf 90' lang='lat' dir='ltr'><strong>quam</strong></span> <span class='ocrx_word' id='word_1_48' title='bbox 1022 1142 1060 1189; x_wconf 86' lang='lat' dir='ltr'><strong>ar</strong></span> <span class='ocrx_word' id='word_1_49' title='bbox 1076 1123 1208 1191; x_wconf 80' lang='lat' dir='ltr'><strong>libidine</strong></span> <span class='ocrx_word' id='word_1_50' title='bbox 1227 1124 1363 1209; x_wconf 86' lang='lat' dir='ltr'><strong>quadam</strong></span> 
     </span>
     <span class='ocr_line' id='line_1_8' title="bbox 209 1226 1362 1316; baseline 0.003 -23"><span class='ocrx_word' id='word_1_51' title='bbox 209 1226 425 1296; x_wconf 78' lang='lat' dir='ltr'><strong>audacissima</strong></span> <span class='ocrx_word' id='word_1_52' title='bbox 455 1229 644 1316; x_wconf 76' lang='lat' dir='ltr'><strong>corrigandi,</strong></span> <span class='ocrx_word' id='word_1_53' title='bbox 676 1247 757 1315; x_wconf 87' lang='lat' dir='ltr'><strong>quae</strong></span> <span class='ocrx_word' id='word_1_54' title='bbox 789 1247 849 1295; x_wconf 86' lang='lat' dir='ltr'><strong>nee</strong></span> <span class='ocrx_word' id='word_1_55' title='bbox 876 1228 915 1293; x_wconf 88' lang='lat' dir='ltr'><strong>ab</strong></span> <span class='ocrx_word' id='word_1_56' title='bbox 942 1228 1167 1296; x_wconf 77' lang='lat' dir='ltr'><strong>immutatione</strong></span> <span class='ocrx_word' id='word_1_57' title='bbox 1189 1231 1362 1297; x_wconf 88' lang='lat' dir='ltr'><strong>uerborum</strong></span> 
     </span>
     <span class='ocr_line' id='line_1_9' title="bbox 207 1333 1362 1419; baseline 0.003 -20"><span class='ocrx_word' id='word_1_58' title='bbox 207 1333 409 1402; x_wconf 83' lang='lat' dir='ltr'><strong>abhorruerit</strong></span> <span class='ocrx_word' id='word_1_59' title='bbox 420 1354 479 1402; x_wconf 87' lang='lat' dir='ltr'><strong>neo</strong></span> <span class='ocrx_word' id='word_1_60' title='bbox 496 1335 536 1401; x_wconf 90' lang='lat' dir='ltr'><strong>ab</strong></span> <span class='ocrx_word' id='word_1_61' title='bbox 556 1335 729 1403; x_wconf 87' lang='lat' dir='ltr'><strong>omissione</strong></span> <span class='ocrx_word' id='word_1_62' title='bbox 747 1353 806 1401; x_wconf 89' lang='lat' dir='ltr'><strong>neo</strong></span> <span class='ocrx_word' id='word_1_63' title='bbox 824 1334 866 1400; x_wconf 86' lang='lat' dir='ltr'><strong>ab</strong></span> <span class='ocrx_word' id='word_1_64' title='bbox 883 1333 1139 1419; x_wconf 82' lang='lat' dir='ltr'><strong>interpolatione.</strong></span> <span class='ocrx_word' id='word_1_65' title='bbox 1157 1336 1237 1403; x_wconf 87' lang='lat' dir='ltr'><strong>haee</strong></span> <span class='ocrx_word' id='word_1_66' title='bbox 1254 1340 1362 1403; x_wconf 85' lang='lat' dir='ltr'><strong>tortus</strong></span> 
     </span>
     <span class='ocr_line' id='line_1_10' title="bbox 209 1440 1364 1528; baseline 0.003 -23"><span class='ocrx_word' id='word_1_67' title='bbox 209 1442 378 1507; x_wconf 84' lang='lat' dir='ltr'><strong>temeraria</strong></span> <span class='ocrx_word' id='word_1_68' title='bbox 395 1443 538 1509; x_wconf 87' lang='lat' dir='ltr'><strong>reeensio</strong></span> <span class='ocrx_word' id='word_1_69' title='bbox 566 1447 675 1508; x_wconf 87' lang='lat' dir='ltr'><strong>utrum</strong></span> <span class='ocrx_word' id='word_1_70' title='bbox 704 1440 816 1507; x_wconf 89' lang='lat' dir='ltr'><strong>eodem</strong></span> <span class='ocrx_word' id='word_1_71' title='bbox 842 1440 938 1506; x_wconf 90' lang='lat' dir='ltr'><strong>modo</strong></span> <span class='ocrx_word' id='word_1_72' title='bbox 965 1444 1151 1525; x_wconf 85' lang='lat' dir='ltr'><strong>portatum</strong></span> <span class='ocrx_word' id='word_1_73' title='bbox 1180 1444 1364 1528; x_wconf 78' lang='lat' dir='ltr'><strong>conposuit</strong></span> 
     </span>
     <span class='ocr_line' id='line_1_11' title="bbox 211 1546 1364 1634; baseline 0.002 -21"><span class='ocrx_word' id='word_1_74' title='bbox 211 1546 355 1613; x_wconf 87' lang='lat' dir='ltr'><strong>adbibita</strong></span> <span class='ocrx_word' id='word_1_75' title='bbox 367 1548 449 1614; x_wconf 90' lang='lat' dir='ltr'><strong>auin</strong></span> <span class='ocrx_word' id='word_1_76' title='bbox 459 1548 621 1631; x_wconf 86' lang='lat' dir='ltr'><strong>aliquibus</strong></span> <span class='ocrx_word' id='word_1_77' title='bbox 630 1551 758 1615; x_wconf 89' lang='lat' dir='ltr'><strong>tantum</strong></span> <span class='ocrx_word' id='word_1_78' title='bbox 768 1547 871 1627; x_wconf 88' lang='lat' dir='ltr'><strong>libris,</strong></span> <span class='ocrx_word' id='word_1_79' title='bbox 886 1548 982 1613; x_wconf 88' lang='lat' dir='ltr'><strong>oertis</strong></span> <span class='ocrx_word' id='word_1_80' title='bbox 991 1548 1188 1633; x_wconf 75' lang='lat' dir='ltr'><strong>argumentis</strong></span> <span class='ocrx_word' id='word_1_81' title='bbox 1197 1556 1364 1634; x_wconf 88' lang='lat' dir='ltr'><strong>propterea</strong></span> 
     </span>
     <span class='ocr_line' id='line_1_12' title="bbox 208 1652 1362 1741; baseline 0.003 -23"><span class='ocrx_word' id='word_1_82' title='bbox 208 1653 344 1736; x_wconf 87' lang='lat' dir='ltr'><strong>probare</strong></span> <span class='ocrx_word' id='word_1_83' title='bbox 357 1672 420 1721; x_wconf 92' lang='lat' dir='ltr'><strong>non</strong></span> <span class='ocrx_word' id='word_1_84' title='bbox 434 1672 618 1740; x_wconf 86' lang='lat' dir='ltr'><strong>possumus,</strong></span> <span class='ocrx_word' id='word_1_85' title='bbox 638 1654 714 1739; x_wconf 86' lang='lat' dir='ltr'><strong>quia</strong></span> <span class='ocrx_word' id='word_1_86' title='bbox 727 1654 849 1739; x_wconf 90' lang='lat' dir='ltr'><strong>ubique</strong></span> <span class='ocrx_word' id='word_1_87' title='bbox 867 1652 1016 1719; x_wconf 86' lang='lat' dir='ltr'><strong>destituti</strong></span> <span class='ocrx_word' id='word_1_88' title='bbox 1035 1672 1147 1720; x_wconf 88' lang='lat' dir='ltr'><strong>sumus</strong></span> <span class='ocrx_word' id='word_1_89' title='bbox 1169 1655 1362 1741; x_wconf 78' lang='lat' dir='ltr'><strong>agobardini</strong></span> 
     </span>
     <span class='ocr_line' id='line_1_13' title="bbox 208 1759 1360 1845; baseline 0.003 -20"><span class='ocrx_word' id='word_1_90' title='bbox 208 1760 283 1827; x_wconf 89' lang='lat' dir='ltr'><strong>libri</strong></span> <span class='ocrx_word' id='word_1_91' title='bbox 297 1760 547 1841; x_wconf 67' lang='lat' dir='ltr'><strong>annumerato</strong></span> <span class='ocrx_word' id='word_1_92' title='bbox 562 1760 731 1841; x_wconf 83' lang='lat' dir='ltr'><strong>neminem,</strong></span> <span class='ocrx_word' id='word_1_93' title='bbox 744 1761 801 1845; x_wconf 93' lang='lat' dir='ltr'><strong>qui</strong></span> <span class='ocrx_word' id='word_1_94' title='bbox 815 1759 1059 1845; x_wconf 86' lang='lat' dir='ltr'><strong>interpretandis</strong></span> <span class='ocrx_word' id='word_1_95' title='bbox 1073 1760 1171 1828; x_wconf 86' lang='lat' dir='ltr'><strong>hoino</strong></span> <span class='ocrx_word' id='word_1_96' title='bbox 1185 1761 1360 1829; x_wconf 89' lang='lat' dir='ltr'><strong>uoluminis</strong></span> 
     </span>
     <span class='ocr_line' id='line_1_14' title="bbox 207 1866 1362 1954; baseline 0.003 -23"><span class='ocrx_word' id='word_1_97' title='bbox 207 1866 301 1934; x_wconf 90' lang='lat' dir='ltr'><strong>libris</strong></span> <span class='ocrx_word' id='word_1_98' title='bbox 332 1868 546 1954; x_wconf 82' lang='lat' dir='ltr'><strong>impertinerit</strong></span> <span class='ocrx_word' id='word_1_99' title='bbox 575 1868 727 1947; x_wconf 86' lang='lat' dir='ltr'><strong>laborem,</strong></span> <span class='ocrx_word' id='word_1_100' title='bbox 761 1867 983 1935; x_wconf 88' lang='lat' dir='ltr'><strong>dubitaturum</strong></span> <span class='ocrx_word' id='word_1_101' title='bbox 1011 1886 1083 1935; x_wconf 87' lang='lat' dir='ltr'><strong>esse</strong></span> <span class='ocrx_word' id='word_1_102' title='bbox 1105 1871 1197 1953; x_wconf 83' lang='lat' dir='ltr'><strong>puto,</strong></span> <span class='ocrx_word' id='word_1_103' title='bbox 1230 1868 1306 1954; x_wconf 91' lang='lat' dir='ltr'><strong>quin</strong></span> <span class='ocrx_word' id='word_1_104' title='bbox 1329 1870 1362 1935; x_wconf 95' lang='lat' dir='ltr'><strong>in</strong></span> 
     </span>
     <span class='ocr_line' id='line_1_15' title="bbox 210 1974 1363 2062; baseline 0.003 -23"><span class='ocrx_word' id='word_1_105' title='bbox 210 1974 359 2042; x_wconf 90' lang='lat' dir='ltr'><strong>omnibus</strong></span> <span class='ocrx_word' id='word_1_106' title='bbox 382 1976 503 2059; x_wconf 89' lang='lat' dir='ltr'><strong>passim</strong></span> <span class='ocrx_word' id='word_1_107' title='bbox 528 1975 802 2059; x_wconf 86' lang='lat' dir='ltr'><strong>deprehendantur</strong></span> <span class='ocrx_word' id='word_1_108' title='bbox 824 1977 1040 2041; x_wconf 80' lang='lat' dir='ltr'><strong>consutorum</strong></span> <span class='ocrx_word' id='word_1_109' title='bbox 1066 1993 1191 2055; x_wconf 83' lang='lat' dir='ltr'><strong>manus,</strong></span> <span class='ocrx_word' id='word_1_110' title='bbox 1223 1976 1363 2062; x_wconf 88' lang='lat' dir='ltr'><strong>exeeptis</strong></span> 
     </span>
     <span class='ocr_line' id='line_1_16' title="bbox 209 2078 1363 2167; baseline 0.003 -23"><span class='ocrx_word' id='word_1_111' title='bbox 209 2078 348 2147; x_wconf 84' lang='lat' dir='ltr'><strong>fortasse</strong></span> <span class='ocrx_word' id='word_1_112' title='bbox 364 2078 456 2148; x_wconf 88' lang='lat' dir='ltr'><strong>libris</strong></span> <span class='ocrx_word' id='word_1_113' title='bbox 474 2081 630 2148; x_wconf 67' lang='lat' dir='ltr'><strong>adunare</strong></span> <span class='ocrx_word' id='word_1_114' title='bbox 642 2078 870 2167; x_wconf 75' lang='lat' dir='ltr'><strong>Hmoopenem</strong></span> <span class='ocrx_word' id='word_1_115' title='bbox 888 2084 922 2147; x_wconf 87' lang='lat' dir='ltr'><strong>et</strong></span> <span class='ocrx_word' id='word_1_116' title='bbox 938 2078 1093 2147; x_wconf 73' lang='lat' dir='ltr'><strong>auseae</strong></span> <span class='ocrx_word' id='word_1_117' title='bbox 1113 2080 1363 2162; x_wconf 67' lang='lat' dir='ltr'><strong>Valentinianos,</strong></span> 
     </span>
     <span class='ocr_line' id='line_1_17' title="bbox 210 2186 1363 2270; baseline 0.003 -19"><span class='ocrx_word' id='word_1_118' title='bbox 210 2204 347 2270; x_wconf 90' lang='lat' dir='ltr'><strong>quorum</strong></span> <span class='ocrx_word' id='word_1_119' title='bbox 369 2190 436 2253; x_wconf 90' lang='lat' dir='ltr'><strong>tarn</strong></span> <span class='ocrx_word' id='word_1_120' title='bbox 458 2188 576 2254; x_wconf 87' lang='lat' dir='ltr'><strong>misera</strong></span> <span class='ocrx_word' id='word_1_121' title='bbox 599 2190 649 2254; x_wconf 90' lang='lat' dir='ltr'><strong>est</strong></span> <span class='ocrx_word' id='word_1_122' title='bbox 671 2186 827 2265; x_wconf 80' lang='lat' dir='ltr'><strong>nundinio,</strong></span> <span class='ocrx_word' id='word_1_123' title='bbox 848 2188 886 2251; x_wconf 91' lang='lat' dir='ltr'><strong>ut</strong></span> <span class='ocrx_word' id='word_1_124' title='bbox 909 2204 929 2250; x_wconf 90' lang='lat' dir='ltr'><strong>a</strong></span> <span class='ocrx_word' id='word_1_125' title='bbox 947 2204 1108 2270; x_wconf 91' lang='lat' dir='ltr'><strong>quoquam</strong></span> <span class='ocrx_word' id='word_1_126' title='bbox 1126 2204 1182 2253; x_wconf 91' lang='lat' dir='ltr'><strong>eos</strong></span> <span class='ocrx_word' id='word_1_127' title='bbox 1204 2190 1363 2255; x_wconf 75' lang='lat' dir='ltr'><strong>eumentes</strong></span> 
     </span>
     <span class='ocr_line' id='line_1_18' title="bbox 211 2290 1363 2379; baseline -0.001 -21"><span class='ocrx_word' id='word_1_128' title='bbox 211 2310 283 2359; x_wconf 87' lang='lat' dir='ltr'><strong>esse</strong></span> <span class='ocrx_word' id='word_1_129' title='bbox 297 2292 382 2359; x_wconf 92' lang='lat' dir='ltr'><strong>haud</strong></span> <span class='ocrx_word' id='word_1_130' title='bbox 395 2292 489 2359; x_wconf 80' lang='lat' dir='ltr'><strong>facile</strong></span> <span class='ocrx_word' id='word_1_131' title='bbox 508 2293 630 2360; x_wconf 85' lang='lat' dir='ltr'><strong>eredas.</strong></span> <span class='ocrx_word' id='word_1_132' title='bbox 650 2311 687 2359; x_wconf 87' lang='lat' dir='ltr'><strong>ao</strong></span> <span class='ocrx_word' id='word_1_133' title='bbox 707 2292 903 2359; x_wconf 88' lang='lat' dir='ltr'><strong>medelarum</strong></span> <span class='ocrx_word' id='word_1_134' title='bbox 920 2290 1049 2358; x_wconf 91' lang='lat' dir='ltr'><strong>illarum</strong></span> <span class='ocrx_word' id='word_1_135' title='bbox 1068 2312 1215 2379; x_wconf 76' lang='lat' dir='ltr'><strong>maguam</strong></span> <span class='ocrx_word' id='word_1_136' title='bbox 1234 2293 1363 2378; x_wconf 90' lang='lat' dir='ltr'><strong>quidem</strong></span> 
     </span>
     <span class='ocr_line' id='line_1_19' title="bbox 214 2398 1366 2487; baseline 0.001 -22"><span class='ocrx_word' id='word_1_137' title='bbox 214 2404 337 2484; x_wconf 90' lang='lat' dir='ltr'><strong>partem</strong></span> <span class='ocrx_word' id='word_1_138' title='bbox 360 2400 487 2467; x_wconf 91' lang='lat' dir='ltr'><strong>omnino</strong></span> <span class='ocrx_word' id='word_1_139' title='bbox 511 2419 570 2467; x_wconf 91' lang='lat' dir='ltr'><strong>nos</strong></span> <span class='ocrx_word' id='word_1_140' title='bbox 594 2398 771 2487; x_wconf 76' lang='lat' dir='ltr'><strong>fugiturum</strong></span> <span class='ocrx_word' id='word_1_141' title='bbox 794 2416 887 2465; x_wconf 87' lang='lat' dir='ltr'><strong>nomo</strong></span> <span class='ocrx_word' id='word_1_142' title='bbox 910 2416 974 2465; x_wconf 90' lang='lat' dir='ltr'><strong>non</strong></span> <span class='ocrx_word' id='word_1_143' title='bbox 995 2398 1121 2466; x_wconf 89' lang='lat' dir='ltr'><strong>uidebit</strong></span> <span class='ocrx_word' id='word_1_144' title='bbox 1137 2399 1193 2484; x_wconf 92' lang='lat' dir='ltr'><strong>qui</strong></span> <span class='ocrx_word' id='word_1_145' title='bbox 1211 2400 1366 2467; x_wconf 81' lang='lat' dir='ltr'><strong>examina·</strong></span> 
     </span>
     <span class='ocr_line' id='line_1_20' title="bbox 211 2505 1366 2593; baseline 0.002 -22"><span class='ocrx_word' id='word_1_146' title='bbox 211 2506 297 2572; x_wconf 90' lang='lat' dir='ltr'><strong>uerit</strong></span> <span class='ocrx_word' id='word_1_147' title='bbox 327 2507 597 2592; x_wconf 81' lang='lat' dir='ltr'><strong>comparationem</strong></span> <span class='ocrx_word' id='word_1_148' title='bbox 629 2524 648 2573; x_wconf 85' lang='lat' dir='ltr'><strong>a</strong></span> <span class='ocrx_word' id='word_1_149' title='bbox 680 2524 731 2571; x_wconf 90' lang='lat' dir='ltr'><strong>ms</strong></span> <span class='ocrx_word' id='word_1_150' title='bbox 762 2506 963 2583; x_wconf 70' lang='lat' dir='ltr'><strong>institutam</strong></span> <span class='ocrx_word' id='word_1_151' title='bbox 994 2505 1041 2570; x_wconf 89' lang='lat' dir='ltr'><strong>ita</strong></span> <span class='ocrx_word' id='word_1_152' title='bbox 1067 2506 1152 2572; x_wconf 87' lang='lat' dir='ltr'><strong>anim</strong></span> <span class='ocrx_word' id='word_1_153' title='bbox 1178 2506 1366 2593; x_wconf 89' lang='lat' dir='ltr'><strong>plerumque</strong></span> 
     </span>
     <span class='ocr_line' id='line_1_21' title="bbox 215 2609 1365 2698; baseline 0.002 -19"><span class='ocrx_word' id='word_1_154' title='bbox 215 2616 292 2679; x_wconf 86' lang='lat' dir='ltr'><strong>sunt</strong></span> <span class='ocrx_word' id='word_1_155' title='bbox 313 2612 486 2694; x_wconf 84' lang='lat' dir='ltr'><strong>adhibitae,</strong></span> <span class='ocrx_word' id='word_1_156' title='bbox 514 2618 561 2694; x_wconf 79' lang='lat' dir='ltr'><strong>ut,</strong></span> <span class='ocrx_word' id='word_1_157' title='bbox 584 2612 648 2679; x_wconf 87' lang='lat' dir='ltr'><strong>uisi</strong></span> <span class='ocrx_word' id='word_1_158' title='bbox 671 2612 827 2698; x_wconf 81' lang='lat' dir='ltr'><strong>genuinae</strong></span> <span class='ocrx_word' id='word_1_159' title='bbox 849 2609 1021 2679; x_wconf 89' lang='lat' dir='ltr'><strong>memoriae</strong></span> <span class='ocrx_word' id='word_1_160' title='bbox 1043 2616 1171 2697; x_wconf 88' lang='lat' dir='ltr'><strong>praesto</strong></span> <span class='ocrx_word' id='word_1_161' title='bbox 1194 2612 1239 2679; x_wconf 92' lang='lat' dir='ltr'><strong>sit</strong></span> <span class='ocrx_word' id='word_1_162' title='bbox 1259 2614 1365 2692; x_wconf 84' lang='lat' dir='ltr'><strong>tostis,</strong></span> 
     </span>
     <span class='ocr_line' id='line_1_22' title="bbox 211 2717 1361 2805; baseline 0.003 -21"><span class='ocrx_word' id='word_1_163' title='bbox 211 2718 299 2785; x_wconf 92' lang='lat' dir='ltr'><strong>nullo</strong></span> <span class='ocrx_word' id='word_1_164' title='bbox 323 2720 418 2787; x_wconf 89' lang='lat' dir='ltr'><strong>modo</strong></span> <span class='ocrx_word' id='word_1_165' title='bbox 441 2721 568 2805; x_wconf 89' lang='lat' dir='ltr'><strong>possint</strong></span> <span class='ocrx_word' id='word_1_166' title='bbox 590 2718 751 2805; x_wconf 76' lang='lat' dir='ltr'><strong>cognosci,</strong></span> <span class='ocrx_word' id='word_1_167' title='bbox 771 2718 804 2785; x_wconf 93' lang='lat' dir='ltr'><strong>in</strong></span> <span class='ocrx_word' id='word_1_168' title='bbox 824 2717 940 2801; x_wconf 90' lang='lat' dir='ltr'><strong>quibus</strong></span> <span class='ocrx_word' id='word_1_169' title='bbox 959 2737 1091 2785; x_wconf 91' lang='lat' dir='ltr'><strong>numero</strong></span> <span class='ocrx_word' id='word_1_170' title='bbox 1113 2718 1271 2802; x_wconf 90' lang='lat' dir='ltr'><strong>imprimis</strong></span> <span class='ocrx_word' id='word_1_171' title='bbox 1294 2738 1361 2799; x_wconf 83' lang='lat' dir='ltr'><strong>eas,</strong></span> 
     </span>
     <span class='ocr_line' id='line_1_23' title="bbox 208 2819 1365 2913; baseline 0 -21"><span class='ocrx_word' id='word_1_172' title='bbox 208 2844 292 2909; x_wconf 92' lang='lat' dir='ltr'><strong>quae</strong></span> <span class='ocrx_word' id='word_1_173' title='bbox 307 2826 348 2893; x_wconf 90' lang='lat' dir='ltr'><strong>ad</strong></span> <span class='ocrx_word' id='word_1_174' title='bbox 366 2828 511 2912; x_wconf 77' lang='lat' dir='ltr'><strong>syniuria</strong></span> <span class='ocrx_word' id='word_1_175' title='bbox 529 2826 696 2913; x_wconf 83' lang='lat' dir='ltr'><strong>pertinent</strong></span> <span class='ocrx_word' id='word_1_176' title='bbox 706 2824 730 2905; x_wconf 89' lang='lat'><strong>¹)</strong></span> <span class='ocrx_word' id='word_1_177' title='bbox 760 2819 870 2891; x_wconf 87' lang='lat' dir='ltr'><strong>crebro</strong></span> <span class='ocrx_word' id='word_1_178' title='bbox 894 2823 1027 2905; x_wconf 82' lang='lat' dir='ltr'><strong>aeeidet,</strong></span> <span class='ocrx_word' id='word_1_179' title='bbox 1056 2830 1095 2893; x_wconf 90' lang='lat' dir='ltr'><strong>ut</strong></span> <span class='ocrx_word' id='word_1_180' title='bbox 1122 2820 1269 2911; x_wconf 77' lang='lat' dir='ltr'><strong>qui&#39;stili</strong></span> <span class='ocrx_word' id='word_1_181' title='bbox 1290 2826 1365 2893; x_wconf 87' lang='lat' dir='ltr'><strong>&#39;l&#39;ar-</strong></span> 
     </span>
     <span class='ocr_line' id='line_1_24' title="bbox 211 2930 1365 3019; baseline 0.001 -20"><span class='ocrx_word' id='word_1_182' title='bbox 211 2932 358 2999; x_wconf 87' lang='lat' dir='ltr'><strong>tulliauei</strong></span> <span class='ocrx_word' id='word_1_183' title='bbox 390 2934 469 3001; x_wconf 89' lang='lat' dir='ltr'><strong>satis</strong></span> <span class='ocrx_word' id='word_1_184' title='bbox 492 2934 537 3001; x_wconf 89' lang='lat' dir='ltr'><strong>ait</strong></span> <span class='ocrx_word' id='word_1_185' title='bbox 558 2933 680 3019; x_wconf 89' lang='lat' dir='ltr'><strong>peritus</strong></span> <span class='ocrx_word' id='word_1_186' title='bbox 704 2950 765 3013; x_wconf 83' lang='lat' dir='ltr'><strong>non</strong></span> <span class='ocrx_word' id='word_1_187' title='bbox 790 2930 926 3011; x_wconf 82' lang='lat' dir='ltr'><strong>dubitet,</strong></span> <span class='ocrx_word' id='word_1_188' title='bbox 958 2930 1035 3016; x_wconf 87' lang='lat' dir='ltr'><strong>quin</strong></span> <span class='ocrx_word' id='word_1_189' title='bbox 1058 2933 1246 2999; x_wconf 80' lang='lat' dir='ltr'><strong>eomeotoris</strong></span> <span class='ocrx_word' id='word_1_190' title='bbox 1268 2952 1365 3000; x_wconf 89' lang='lat' dir='ltr'><strong>manu</strong></span> 
     </span>
     <span class='ocr_line' id='line_1_25' title="bbox 209 3039 1365 3124; baseline 0.001 -18"><span class='ocrx_word' id='word_1_191' title='bbox 209 3039 382 3107; x_wconf 85' lang='lat' dir='ltr'><strong>immutata</strong></span> <span class='ocrx_word' id='word_1_192' title='bbox 405 3041 471 3108; x_wconf 89' lang='lat' dir='ltr'><strong>siut</strong></span> <span class='ocrx_word' id='word_1_193' title='bbox 492 3041 591 3108; x_wconf 88' lang='lat' dir='ltr'><strong>uerba</strong></span> <span class='ocrx_word' id='word_1_194' title='bbox 613 3040 766 3119; x_wconf 83' lang='lat' dir='ltr'><strong>suetonis,</strong></span> <span class='ocrx_word' id='word_1_195' title='bbox 789 3057 894 3124; x_wconf 89' lang='lat' dir='ltr'><strong>neqne</strong></span> <span class='ocrx_word' id='word_1_196' title='bbox 916 3057 993 3105; x_wconf 89' lang='lat' dir='ltr'><strong>uero</strong></span> <span class='ocrx_word' id='word_1_197' title='bbox 1016 3043 1143 3123; x_wconf 85' lang='lat' dir='ltr'><strong>praeter</strong></span> <span class='ocrx_word' id='word_1_198' title='bbox 1159 3039 1365 3124; x_wconf 85' lang='lat' dir='ltr'><strong>probabilita-</strong></span> 
     </span>
     <span class='ocr_line' id='line_1_26' title="bbox 212 3146 1365 3233; baseline 0.001 -21"><span class='ocrx_word' id='word_1_199' title='bbox 212 3150 278 3213; x_wconf 89' lang='lat' dir='ltr'><strong>tem</strong></span> <span class='ocrx_word' id='word_1_200' title='bbox 302 3148 473 3232; x_wconf 87' lang='lat' dir='ltr'><strong>quioqnsm</strong></span> <span class='ocrx_word' id='word_1_201' title='bbox 497 3152 624 3215; x_wconf 85' lang='lat' dir='ltr'><strong>mutare</strong></span> <span class='ocrx_word' id='word_1_202' title='bbox 645 3146 770 3214; x_wconf 87' lang='lat' dir='ltr'><strong>audeat</strong></span> <span class='ocrx_word' id='word_1_203' title='bbox 803 3146 907 3213; x_wconf 91' lang='lat' dir='ltr'><strong>multe</strong></span> <span class='ocrx_word' id='word_1_204' title='bbox 935 3164 1011 3212; x_wconf 86' lang='lat' dir='ltr'><strong>sane</strong></span> <span class='ocrx_word' id='word_1_205' title='bbox 1033 3146 1163 3215; x_wconf 76' lang='lat' dir='ltr'><strong>facilins</strong></span> <span class='ocrx_word' id='word_1_206' title='bbox 1190 3147 1365 3233; x_wconf 78' lang='lat' dir='ltr'><strong>oontoget</strong></span> 
     </span>
     <span class='ocr_line' id='line_1_27' title="bbox 209 3252 1365 3339; baseline 0.001 -20"><span class='ocrx_word' id='word_1_207' title='bbox 209 3255 250 3319; x_wconf 90' lang='lat' dir='ltr'><strong>ut</strong></span> <span class='ocrx_word' id='word_1_208' title='bbox 270 3254 550 3339; x_wconf 86' lang='lat' dir='ltr'><strong>interpretaturum</strong></span> <span class='ocrx_word' id='word_1_209' title='bbox 578 3254 688 3338; x_wconf 85' lang='lat' dir='ltr'><strong>inepta</strong></span> <span class='ocrx_word' id='word_1_210' title='bbox 714 3252 931 3320; x_wconf 87' lang='lat' dir='ltr'><strong>additamenta</strong></span> <span class='ocrx_word' id='word_1_211' title='bbox 960 3252 1206 3339; x_wconf 76' lang='lat' dir='ltr'><strong>inuestigomnq</strong></span> <span class='ocrx_word' id='word_1_212' title='bbox 1238 3255 1302 3321; x_wconf 87' lang='lat' dir='ltr'><strong>etsi</strong></span> <span class='ocrx_word' id='word_1_213' title='bbox 1333 3258 1365 3321; x_wconf 89' lang='lat' dir='ltr'><strong>et</strong></span> 
     </span>
     <span class='ocr_line' id='line_1_28' title="bbox 210 3352 1364 3447; baseline 0.002 -22"><span class='ocrx_word' id='word_1_214' title='bbox 210 3352 271 3426; x_wconf 90' lang='lat' dir='ltr'><strong>bae</strong></span> <span class='ocrx_word' id='word_1_215' title='bbox 293 3360 326 3428; x_wconf 93' lang='lat' dir='ltr'><strong>iu</strong></span> <span class='ocrx_word' id='word_1_216' title='bbox 349 3380 394 3441; x_wconf 85' lang='lat' dir='ltr'><strong>re,</strong></span> <span class='ocrx_word' id='word_1_217' title='bbox 416 3382 479 3429; x_wconf 92' lang='lat' dir='ltr'><strong>uon</strong></span> <span class='ocrx_word' id='word_1_218' title='bbox 501 3364 691 3447; x_wconf 87' lang='lat' dir='ltr'><strong>suppetente</strong></span> <span class='ocrx_word' id='word_1_219' title='bbox 711 3360 836 3427; x_wconf 85' lang='lat' dir='ltr'><strong>soilioet</strong></span> <span class='ocrx_word' id='word_1_220' title='bbox 853 3359 1031 3445; x_wconf 90' lang='lat' dir='ltr'><strong>antiquiore</strong></span> <span class='ocrx_word' id='word_1_221' title='bbox 1050 3354 1213 3440; x_wconf 85' lang='lat' dir='ltr'><strong>memoria,</strong></span> <span class='ocrx_word' id='word_1_222' title='bbox 1236 3361 1364 3428; x_wconf 88' lang='lat' dir='ltr'><strong>nutabit</strong></span> 
     </span>
     <span class='ocr_line' id='line_1_29' title="bbox 209 3466 1362 3553; baseline -0.001 -20"><span class='ocrx_word' id='word_1_223' title='bbox 209 3468 338 3550; x_wconf 88' lang='lat' dir='ltr'><strong>saepius</strong></span> <span class='ocrx_word' id='word_1_224' title='bbox 353 3468 517 3535; x_wconf 81' lang='lat' dir='ltr'><strong>iudicium.</strong></span> <span class='ocrx_word' id='word_1_225' title='bbox 533 3488 614 3553; x_wconf 87' lang='lat' dir='ltr'><strong>quae</strong></span> <span class='ocrx_word' id='word_1_226' title='bbox 629 3487 702 3535; x_wconf 87' lang='lat' dir='ltr'><strong>oum</strong></span> <span class='ocrx_word' id='word_1_227' title='bbox 717 3468 764 3533; x_wconf 90' lang='lat' dir='ltr'><strong>ita</strong></span> <span class='ocrx_word' id='word_1_228' title='bbox 777 3468 853 3549; x_wconf 83' lang='lat' dir='ltr'><strong>siut¹</strong></span> <span class='ocrx_word' id='word_1_229' title='bbox 871 3466 1009 3552; x_wconf 87' lang='lat' dir='ltr'><strong>sapienti</strong></span> <span class='ocrx_word' id='word_1_230' title='bbox 1027 3468 1143 3552; x_wconf 84' lang='lat' dir='ltr'><strong>auique</strong></span> <span class='ocrx_word' id='word_1_231' title='bbox 1163 3468 1223 3533; x_wconf 90' lang='lat' dir='ltr'><strong>erit</strong></span> <span class='ocrx_word' id='word_1_232' title='bbox 1241 3471 1362 3535; x_wconf 85' lang='lat' dir='ltr'><strong>eertum</strong></span> 
     </span>
     <span class='ocr_line' id='line_1_30' title="bbox 206 3572 1363 3659; baseline 0 -20"><span class='ocrx_word' id='word_1_233' title='bbox 206 3572 241 3639; x_wconf 90' lang='lat' dir='ltr'><strong>in</strong></span> <span class='ocrx_word' id='word_1_234' title='bbox 259 3575 356 3641; x_wconf 88' lang='lat' dir='ltr'><strong>buius</strong></span> <span class='ocrx_word' id='word_1_235' title='bbox 374 3575 549 3643; x_wconf 87' lang='lat' dir='ltr'><strong>uoluminis</strong></span> <span class='ocrx_word' id='word_1_236' title='bbox 567 3574 696 3659; x_wconf 88' lang='lat' dir='ltr'><strong>seriptis</strong></span> <span class='ocrx_word' id='word_1_237' title='bbox 714 3574 932 3644; x_wconf 87' lang='lat' dir='ltr'><strong>restituendae</strong></span> <span class='ocrx_word' id='word_1_238' title='bbox 950 3593 1047 3641; x_wconf 89' lang='lat' dir='ltr'><strong>uerae</strong></span> <span class='ocrx_word' id='word_1_239' title='bbox 1059 3574 1250 3641; x_wconf 81' lang='lat' dir='ltr'><strong>Tertulliani</strong></span> <span class='ocrx_word' id='word_1_240' title='bbox 1268 3574 1363 3640; x_wconf 87' lang='lat' dir='ltr'><strong>libro-</strong></span> 
     </span>
     <span class='ocr_line' id='line_1_31' title="bbox 210 3680 1362 3767; baseline 0 -21"><span class='ocrx_word' id='word_1_241' title='bbox 210 3698 281 3746; x_wconf 93' lang='lat' dir='ltr'><strong>rum</strong></span> <span class='ocrx_word' id='word_1_242' title='bbox 314 3682 408 3749; x_wconf 86' lang='lat' dir='ltr'><strong>ieoiei</strong></span> <span class='ocrx_word' id='word_1_243' title='bbox 438 3701 501 3750; x_wconf 92' lang='lat' dir='ltr'><strong>nou</strong></span> <span class='ocrx_word' id='word_1_244' title='bbox 532 3697 641 3767; x_wconf 89' lang='lat' dir='ltr'><strong>parem</strong></span> <span class='ocrx_word' id='word_1_245' title='bbox 672 3683 740 3750; x_wconf 85' lang='lat' dir='ltr'><strong>iore</strong></span> <span class='ocrx_word' id='word_1_246' title='bbox 773 3686 874 3749; x_wconf 66' lang='lat' dir='ltr'><strong>mmm</strong></span> <span class='ocrx_word' id='word_1_247' title='bbox 902 3681 1057 3762; x_wconf 69' lang='lat' dir='ltr'><strong>euticam,</strong></span> <span class='ocrx_word' id='word_1_248' title='bbox 1085 3680 1147 3747; x_wconf 88' lang='lat' dir='ltr'><strong>uisi</strong></span> <span class='ocrx_word' id='word_1_249' title='bbox 1174 3682 1258 3748; x_wconf 85' lang='lat' dir='ltr'><strong>forte</strong></span> <span class='ocrx_word' id='word_1_250' title='bbox 1285 3700 1362 3747; x_wconf 89' lang='lat' dir='ltr'><strong>oasu</strong></span> 
     </span>
     <span class='ocr_line' id='line_1_32' title="bbox 207 3787 1059 3873; baseline 0.004 -19"><span class='ocrx_word' id='word_1_251' title='bbox 207 3787 380 3873; x_wconf 89' lang='lat' dir='ltr'><strong>aliquando</strong></span> <span class='ocrx_word' id='word_1_252' title='bbox 404 3788 540 3857; x_wconf 88' lang='lat' dir='ltr'><strong>donetur</strong></span> <span class='ocrx_word' id='word_1_253' title='bbox 561 3789 654 3858; x_wconf 93' lang='lat' dir='ltr'><strong>nobis</strong></span> <span class='ocrx_word' id='word_1_254' title='bbox 678 3790 777 3858; x_wconf 84' lang='lat' dir='ltr'><strong>nuder</strong></span> <span class='ocrx_word' id='word_1_255' title='bbox 798 3810 862 3857; x_wconf 92' lang='lat' dir='ltr'><strong>non</strong></span> <span class='ocrx_word' id='word_1_256' title='bbox 884 3800 1059 3857; x_wconf 75' lang='lat' dir='ltr'><strong>oomeotns.</strong></span> 
     </span>
    </p>

    <p class='ocr_par' dir='ltr' id='par_1_3' title="bbox 260 3888 1435 3984">
     <span class='ocr_line' id='line_1_33' title="bbox 260 3888 1435 3984; baseline 0 -21"><span class='ocrx_word' id='word_1_257' title='bbox 260 3894 408 3964; x_wconf 81' lang='lat' dir='ltr'><strong>Ceterum</strong></span> <span class='ocrx_word' id='word_1_258' title='bbox 432 3896 672 3984; x_wconf 81' lang='lat' dir='ltr'><strong>Agebardinum</strong></span> <span class='ocrx_word' id='word_1_259' title='bbox 696 3897 725 3965; x_wconf 91' lang='lat' dir='ltr'><strong>si</strong></span> <span class='ocrx_word' id='word_1_260' title='bbox 752 3897 943 3979; x_wconf 80' lang='lat' dir='ltr'><strong>omittimus,</strong></span> <span class='ocrx_word' id='word_1_261' title='bbox 971 3918 1033 3965; x_wconf 91' lang='lat' dir='ltr'><strong>non</strong></span> <span class='ocrx_word' id='word_1_262' title='bbox 1061 3898 1149 3965; x_wconf 90' lang='lat' dir='ltr'><strong>omni</strong></span> <span class='ocrx_word' id='word_1_263' title='bbox 1175 3896 1362 3983; x_wconf 87' lang='lat' dir='ltr'><strong>antiquioris</strong></span> <span class='ocrx_word' id='word_1_264' title='bbox 1431 3888 1435 3914; x_wconf 82' lang='lat'><em>³</em></span> 
     </span>
    </p>
   </div>
   <div class='ocr_carea' id='block_1_3' title="bbox 206 4102 1363 4352">
    <p class='ocr_par' dir='ltr' id='par_1_4' title="bbox 206 4102 1363 4352">
     <span class='ocr_line' id='line_1_34' title="bbox 256 4102 1361 4178; baseline 0.002 -17"><span class='ocrx_word' id='word_1_265' title='bbox 256 4102 278 4177; x_wconf 82' lang='lat'><strong>¹)</strong></span> <span class='ocrx_word' id='word_1_266' title='bbox 294 4104 421 4178; x_wconf 73' lang='lat' dir='ltr'><strong>Exempli</strong></span> <span class='ocrx_word' id='word_1_267' title='bbox 439 4107 609 4178; x_wconf 72' lang='lat' dir='ltr'><strong>gratianum</strong></span> <span class='ocrx_word' id='word_1_268' title='bbox 628 4106 737 4163; x_wconf 80' lang='lat' dir='ltr'><strong>causale</strong></span> <span class='ocrx_word' id='word_1_269' title='bbox 755 4106 785 4161; x_wconf 91' lang='lat' dir='ltr'><strong>iu</strong></span> <span class='ocrx_word' id='word_1_270' title='bbox 802 4106 982 4178; x_wconf 74' lang='lat' dir='ltr'><strong>Agobudiuo</strong></span> <span class='ocrx_word' id='word_1_271' title='bbox 998 4106 1075 4164; x_wconf 79' lang='lat' dir='ltr'><strong>baud</strong></span> <span class='ocrx_word' id='word_1_272' title='bbox 1092 4124 1154 4164; x_wconf 84' lang='lat' dir='ltr'><strong>raro</strong></span> <span class='ocrx_word' id='word_1_273' title='bbox 1177 4124 1238 4163; x_wconf 86' lang='lat' dir='ltr'><strong>oum</strong></span> <span class='ocrx_word' id='word_1_274' title='bbox 1255 4107 1361 4163; x_wconf 79' lang='lat' dir='ltr'><strong>iudiea-</strong></span> 
     </span>
     <span class='ocr_line' id='line_1_35' title="bbox 206 4193 1363 4267; baseline 0.003 -20"><span class='ocrx_word' id='word_1_275' title='bbox 206 4193 268 4248; x_wconf 89' lang='lat' dir='ltr'><strong>tiuo</strong></span> <span class='ocrx_word' id='word_1_276' title='bbox 296 4194 473 4250; x_wconf 86' lang='lat' dir='ltr'><strong>uoniunetum</strong></span> <span class='ocrx_word' id='word_1_277' title='bbox 499 4195 528 4249; x_wconf 92' lang='lat' dir='ltr'><strong>in</strong></span> <span class='ocrx_word' id='word_1_278' title='bbox 556 4194 696 4251; x_wconf 86' lang='lat' dir='ltr'><strong>oodioibus</strong></span> <span class='ocrx_word' id='word_1_279' title='bbox 723 4195 828 4251; x_wconf 77' lang='lat' dir='ltr'><strong>saeculi</strong></span> <span class='ocrx_word' id='word_1_280' title='bbox 853 4194 893 4251; x_wconf 80' lang='lat' dir='ltr'><strong>XI</strong></span> <span class='ocrx_word' id='word_1_281' title='bbox 919 4194 977 4251; x_wconf 85' lang='lat' dir='ltr'><strong>iere</strong></span> <span class='ocrx_word' id='word_1_282' title='bbox 1003 4213 1139 4267; x_wconf 85' lang='lat' dir='ltr'><strong>nusquam</strong></span> <span class='ocrx_word' id='word_1_283' title='bbox 1166 4196 1290 4253; x_wconf 85' lang='lat' dir='ltr'><strong>inuenies</strong></span> <span class='ocrx_word' id='word_1_284' title='bbox 1321 4196 1363 4252; x_wconf 84' lang='lat' dir='ltr'><strong>ita</strong></span> 
     </span>
     <span class='ocr_line' id='line_1_36' title="bbox 209 4284 378 4352; baseline 0 -15"><span class='ocrx_word' id='word_1_285' title='bbox 209 4284 378 4352; x_wconf 83' lang='lat' dir='ltr'><strong>usurpatum.</strong></span> 
     </span>
    </p>
   </div>
   <div class='ocr_carea' id='block_1_4' title="bbox 0 0 1633 4959">
    <p class='ocr_par' dir='ltr' id='par_1_5' title="bbox 0 0 1633 4959">
     <span class='ocr_line' id='line_1_37' title="bbox 0 0 1633 4959; baseline 0 0"><span class='ocrx_word' id='word_1_286' title='bbox 0 0 1633 4959; x_wconf 95' lang='lat' dir='ltr'><strong> </strong></span> 
     </span>
    </p>
   </div>
  </div>
 </body>
</html>
