3250 4959
419 394 464 451 Vl.
484 394 651 448 Aduersus
673 396 818 449 Praxean
840 396 952 448 11-12.
1201 398 1266 462 245

121 592 338 657 retractatibus
371 593 535 657 habemns.
573 593 622 657 bis
655 593 762 675 itaque
795 592 916 674 poncia,
945 596 1050 657 tamen
1084 592 1263 671 manifeste,

122 697 278 763 distinctio
307 700 459 764 trinitatis
488 700 668 781 exponitur:
698 704 747 765 est
776 699 860 763 enim
883 699 963 782 ipse,
993 700 1047 781 qui
1070 700 1265 782 pronuntiat,

123 804 259 885 spiritus,
297 810 330 871 et
367 810 465 889 pater,
503 806 542 870 ad
575 825 670 887 quem
701 807 895 888 pronuntiat,
934 810 966 869 et
998 806 1096 884 filius,
1130 806 1167 869 de
1202 826 1265 889 quo

122 912 307 992 pronuntiat.
336 912 382 976 sio
411 916 444 976 et
474 916 588 987 cetera,
618 931 698 994 quae
726 932 809 975 nunc
839 911 878 975 ad
906 915 1025 994 patrem
1051 912 1090 976 de
1118 912 1182 977 filio
1212 912 1266 976 uel

97 1016 156 1079 ead
181 1018 296 1096 filiurn,
325 1037 408 1083 nunc
436 1019 475 1083 ad
502 1018 605 1083 filium
631 1018 670 1082 de
693 1022 781 1102 patre
805 1019 859 1082 uel
888 1018 927 1082 ad
958 1022 1079 1101 patrem
1109 1016 1214 1105 [nunc]
1249 1038 1267 1083 a

122 1124 228 1205 spiritu
252 1126 507 1209 pronuntiantur,
532 1144 789 1207 unamquamque
814 1144 981 1207 personam
1001 1127 1031 1189 in
1052 1144 1110 1190 sua
1128 1125 1267 1208 proprie·

122 1234 181 1293 tate
204 1232 413 1296 constituunt.

164 1340 212 1403 12.
242 1338 278 1402 81
306 1341 337 1401 te
367 1338 470 1402 adbuc
498 1358 649 1402 numerus
679 1338 872 1403 scandalizat
899 1338 1050 1402 trinitatis
1085 1337 1176 1419 quasi
1205 1356 1265 1401 non

121 1462 247 1509 conexae
284 1445 315 1509 in
353 1445 475 1510 unitate
508 1446 657 1527 simplici,
690 1446 866 1527 interrogo:
907 1444 1063 1528 quomodo
1094 1445 1206 1508 unicus
1236 1448 1269 1508 et

85 1575 107 1613 o
123 1550 289 1633 singularis
308 1552 474 1634 pluraliter
491 1553 649 1634 loquitur:
669 1552 685 1616 f
692 1554 873 1617 aciamus
893 1552 1091 1617 hominem
1112 1551 1157 1615 ad
1177 1551 1268 1615 ima-

122 1658 245 1731 oioem
267 1662 307 1723 et
327 1658 651 1723 similitudinem
670 1661 860 1724 nostram.
882 1678 954 1723 eum
974 1659 1119 1723 debuerit
1134 1659 1265 1723 dixisse:

122 1762 237 1828 ‘l'aciam
262 1764 423 1828 hominem
444 1765 482 1828 ad
501 1766 674 1849 imaginem
694 1769 727 1829 et
746 1766 988 1830 similitudinem
1008 1774 1133 1843 meam',
1154 1769 1270 1848 utpute

122 1870 229 1935 unicus
256 1874 291 1935 et
321 1870 516 1955 singularis?
545 1872 602 1935 sed
635 1877 667 1935 et
693 1873 725 1936 in
759 1873 982 1955 sequentibus:
1018 1890 1113 1936 ecce
1146 1871 1267 1935 Adam

122 1976 255 2041 factus
287 1982 352 2043 est
378 1982 582 2060 tamquam
611 1998 712 2042 unus
752 1999 794 2042 er
828 1979 944 2043 nobis
978 1978 1061 2043 fallit
1090 1982 1146 2042 aut
1171 1978 1266 2053 ludit,

88 2108 107 2146 a
123 2089 163 2158 ut,
186 2102 257 2148 cum
283 2103 368 2148 unus
392 2089 423 2148 et
447 2084 534 2149 solus
559 2088 592 2148 et·
614 2084 785 2168 singularis
810 2089 906 2161 esset,
933 2103 1099 2150 numerose
1122 2084 1267 2165 loquere-

123 2193 177 2253 tur.
205 2196 262 2254 aut
294 2190 451 2272 numquid
479 2192 601 2273 angelis
629 2191 829 2273 loquebatur,
859 2196 895 2255 ut
923 2192 1030 2256 ludaei
1059 2192 1265 2273 interpreten-

122 2303 177 2363 tur.
205 2298 282 2379 quia
306 2315 364 2361 nee
387 2298 449 2377 ipsi
472 2298 575 2360 filium
600 2302 797 2381 agnoscunt?
828 2318 863 2361 an
895 2299 969 2380 quia
991 2299 1059 2382 ipse
1084 2303 1151 2361 erat
1177 2300 1269 2379 pater

122 2400 200 2465 filius
219 2404 365 2487 spiritus,
389 2401 460 2466 ideo
480 2403 635 2484 pluralem
654 2422 689 2466 se
707 2408 873 2485 praestans
892 2404 1058 2485 pluraliter
1077 2405 1139 2468 sibi
1158 2405 1267 2485 loque-

122 2508 227 2574 batur?
246 2511 357 2587 immo,
379 2509 453 2591 quia
470 2509 533 2573 iam
553 2508 745 2574 adhaerebat
764 2510 810 2573 illi
833 2506 942 2596 [filius]
970 2510 1108 2574 secundo
1123 2530 1268 2593 persona,

86 2635 217 2681 eosermo
244 2616 362 2700 ipsius,
391 2619 423 2681 et
449 2617 554 2692 tertia,
589 2617 720 2700 spiritus
748 2618 779 2681 in
809 2636 964 2695 sermone,
997 2617 1068 2681 ideo
1101 2617 1267 2700 pluraliter

122 2724 347 2803 pronuntiauit:
382 2724 557 2787 ‘iaciamus’
593 2728 626 2788 et
654 2728 815 2788 ‘nostram'
840 2727 872 2787 et
899 2726 1022 2790 ‘nobis'
1053 2744 1125 2788 cum
1149 2725 1265 2806 quibus

122 2830 198 2894 enim
215 2832 355 2896 faciebat
372 2831 531 2895 homiuem
547 2834 578 2895 et
594 2832 711 2912 quibus
725 2830 864 2895 faciebat
879 2832 1028 2906 sinrilem,
1044 2830 1110 2893 tilio
1126 2828 1268 2912 quidem,

123 2936 170 3017 qni
193 2942 260 3002 erat
277 2938 461 3002 indulturus
485 2938 656 3011 bominem,
682 2938 797 3019 spiritu
822 2957 907 3015 uero,
933 2940 986 3019 qui
1006 2942 1072 3001 erat
1091 2936 1266 3000 sanetifica-

122 3048 206 3108 turus
235 3045 410 3120 bominem,
440 3045 530 3126 quasi
561 3063 633 3109 cum
663 3044 819 3108 ministris
853 3049 885 3108 et
918 3044 1045 3109 arbitris
1074 3062 1111 3107 er
1144 3043 1271 3106 unitate

84 3176 106 3213 a
122 3148 265 3215 trinitatis
309 3150 507 3231 loquebatur.
548 3150 682 3232 denique
721 3168 855 3231 sequens
899 3150 1056 3233 scriptura
1098 3149 1267 3231 distinguit

123 3255 197 3319 inter
221 3274 388 3339 personae:
417 3256 470 3337 <et
502 3257 610 3339 fecit)
644 3256 735 3320 deus
764 3256 962 3335 bominem,
993 3257 1036 3320 ad
1064 3256 1265 3338 imaginem

205 3396 249 3465 10]
270 3395 339 3449 Gen.
363 3399 383 3457 1,
403 3396 447 3452 26,
504 3397 547 3465 13]
569 3396 742 3456 11611222.
799 3396 845 3465 261
867 3395 934 3449 Gen.
956 3397 1042 3461 127.

156 3502 166 3553 l
194 3503 326 3556 babemus
354 3502 489 3572 MFqu
517 3502 594 3568 (add.
622 3502 649 3557 R
678 3520 710 3557 er
733 3504 941 3571 Hirecrupiensi)
971 3502 1018 3571 12¹,
1051 3503 1199 3557 habeamus
1228 3502 1268 3555 Ra

124 3590 198 3658 rorlqo
269 3592 366 3663 paucis
384 3596 474 3643 tamen
493 3592 639 3644 manifeste
659 3591 798 3646 distinctio
819 3594 902 3660 usclqo
975 3596 1065 3647 tomen
1081 3592 1150 3658 MF,
1170 3596 1227 3644 tarn
1242 3592 1271 3643 P

123 3679 223 3732 lduoe
245 3682 291 3734 lric
314 3680 483 3733 recensiones
505 3681 666 3733 commictae
690 3681 834 3734 uidentur:
854 3682 879 3748 1)
904 3698 973 3751 quae
996 3682 1040 3734 uel
1065 3680 1099 3733 ad
1118 3680 1203 3733 filiurn
1224 3680 1267 3732 uel

124 3766 154 3818 ad
174 3774 288 3837 patrem,
311 3770 340 3836 2)
363 3785 432 3836 quae
455 3786 526 3821 nunc
548 3770 582 3821 ad
604 3774 708 3837 patrem
729 3769 762 3822 de
781 3771 847 3837 filio,
871 3786 942 3823 nunc
966 3768 1000 3823 ad
1024 3768 1107 3822 filium
1133 3768 1166 3821 de
1189 3772 1269 3836 patre

124 3855 138 3904 5
162 3856 195 3908 ad
221 3858 310 3910 filium
337 3858 408 3926 (alc.)
432 3874 483 3911 erro.
502 3856 530 3909 P
548 3856 625 3923 (adel.
650 3856 678 3910 R
706 3874 740 3911 ex
769 3858 975 3925 turronem)
995 3856 1028 3909 o!
1128 3874 1199 3909 nunc
1227 3874 1268 3909 ac·

124 3943 187 3997 clusi
238 3964 256 3999 a
274 3947 372 4016 spiritu
390 3948 500 4015 scripsi:
520 3945 554 3999 ad
568 3947 691 4015 spiritum
708 3947 798 3999 PMF
845 3949 992 4000 tlconerae
1007 3947 1040 4009 P,
1056 3962 1189 3999 connexae
1204 3946 1272 3997 Mle*

126 4032 154 4084 12
175 4038 270 4104 utpute
288 4035 385 4091 PMF.
405 4040 500 4104 utpote
522 4034 645 4102 Ruulqo
707 4038 738 4089 19
758 4036 829 4090 filius
848 4036 948 4089 seclusi
1002 4034 1267 4087 228111111111211110

127 4120 254 4190 chlerus,
273 4124 399 4182 similem,
416 4126 513 4191 (cum)
531 4125 588 4178 filio
602 4124 658 4193 Jop
713 4127 746 4177 23
765 4125 922 4179 induiturus
941 4124 1037 4183 PMF.
1057 4122 1199 4177 induturus
1214 4124 1269 4192 Rq

124 4211 223 4275 spiritui
234 4214 307 4279 fort.
361 4214 396 4266 24
413 4216 491 4281 <curn
512 4214 571 4281 eis>
590 4214 667 4282 quasi
679 4214 749 4280 fort.
825 4230 882 4266 cum
898 4214 1029 4267 ministris
1045 4212 1113 4276 MF,
1132 4229 1191 4265 cum
1211 4228 1266 4265 rnn-

125 4298 209 4365 gistris
225 4300 253 4353 P
269 4306 351 4355 {corr¹
369 4302 414 4369 R),
434 4304 624 4355 comministris
643 4302 701 4355 Iure
755 4304 790 4355 26
810 4302 922 4356 etfacit
942 4303 1006 4357 odd.
1026 4303 1099 4355 Pam
