3250 4959
366 321 431 384 288
596 318 712 382 Quinti
733 319 876 387 Septimi
895 317 1068 371 Florentia
1087 317 1294 372 Tertulliani

365 513 441 577 filio.
466 511 552 576 filius
576 511 676 595 igitur
699 514 731 575 et
754 511 889 576 moritur
907 515 940 576 et
958 513 1169 578 resuscitatur
1188 532 1206 576 a
1224 515 1313 595 patre
1336 513 1501 578 secundum
1580 515 1581 524 ³

366 619 550 703 scripturas,
570 619 657 682 lilius
676 617 819 683 ascendit
837 618 869 682 in
889 619 1052 701 superiora
1071 619 1240 695 caelomm,
1261 617 1316 700 qui
1335 623 1368 684 et
1386 619 1502 684 descen-

366 726 413 789 dit
430 726 462 789 in
481 725 631 789 interiora
649 728 759 789 terrae.
783 724 835 788 hic
855 725 945 789 sedet
968 725 1007 789 ad
1026 725 1182 789 dexteram
1207 727 1318 806 patris,
1345 746 1406 792 non
1425 733 1503 810 pater

366 832 405 895 ad
442 851 545 896 suam.
582 832 666 895 hunc
704 831 787 896 uidit
824 830 1015 912 Stephanus,
1053 850 1124 896 cum
1162 832 1368 913 lapidaretur,
1410 831 1502 895 adhuc

366 943 502 1002 stantem
532 938 571 1001 ad
600 938 758 1002 dexteram
787 938 848 1015 dei,
877 942 914 1002 ut
943 937 1051 1002 exinde
1080 957 1254 1018 sessurum,
1286 937 1385 1004 donee
1416 946 1533 1021 ponats

364 1045 413 1108 illi
443 1050 533 1128 pater
560 1065 668 1110 omnes
696 1045 843 1109 inimicos
872 1045 931 1110 sub
957 1043 1091 1127 pedibus
1116 1046 1193 1108 suis.
1222 1044 1275 1108 hie
1303 1048 1335 1109 et
1358 1047 1500 1110 uentums

366 1155 416 1215 est
446 1170 558 1216 rursus
591 1171 687 1234 super
717 1152 818 1216 nubes
853 1152 932 1216 caeli
965 1152 1050 1228 talis,
1082 1152 1185 1234 qualis
1214 1156 1247 1216 et
1275 1151 1427 1217 aseendit.
1459 1151 1500 1214 hir

364 1259 492 1323 interim
521 1262 687 1342 acceptum
712 1279 730 1322 a
756 1264 846 1341 patre
873 1279 989 1324 munus
1019 1259 1142 1336 effudit,
1176 1259 1325 1342 spiritum
1358 1263 1501 1323 sanctum.

364 1365 494 1429 tertium
514 1384 628 1430 nomen
648 1365 826 1431 diuinitatis
846 1369 878 1430 et
901 1366 1031 1430 tertium
1052 1365 1184 1450 gradum
1203 1365 1395 1442 maiestatis,
1418 1365 1501 1428 unius
1582 1367 1583 1370 ’

364 1471 612 1554 praedicatorem
638 1473 848 1549 monarchiae,
874 1471 929 1536 sed
953 1476 985 1536 et
1009 1472 1207 1536 oihonomiae
1230 1472 1501 1555 interpretatorem.
1517 1492 1532 1528 rr

365 1579 488 1663 siquis
517 1597 676 1644 sermones
708 1598 809 1644 nouae
838 1579 1024 1662 prophetiae
1053 1579 1122 1644 eius
1151 1578 1317 1644 admiserit
1345 1582 1376 1644 et
1399 1577 1501 1642 deduc-

364 1689 465 1750 torem
494 1685 598 1748 omnis
627 1685 783 1763 ueritatis,
818 1703 897 1767 quae
927 1691 977 1748 est
1002 1685 1035 1750 in
1064 1689 1153 1767 patre
1182 1689 1215 1748 et
1242 1685 1308 1750 filio
1339 1689 1371 1750 et
1397 1684 1499 1766 spiritu

365 1796 475 1856 sancto
500 1791 673 1857 secundum
698 1791 913 1856 Christianum
939 1797 1183 1857 sacramentum.
1583 1865 1584 1880 ,

410 1900 463 1962 31.
484 1898 632 1963 Ceterum
651 1897 799 1962 Iudaicae
819 1898 892 1962 fidei
910 1900 974 1964 ista
991 1919 1052 1974 res,
1078 1899 1124 1962 sic
1143 1917 1240 1962 unum
1262 1899 1356 1962 deum
1376 1897 1500 1964 credere.

365 2009 403 2069 ut
426 2005 528 2069 filium
556 2005 761 2068 adnumerare
790 2005 819 2068 ei
847 2005 929 2070 nolis
959 2009 991 2071 et
1020 2009 1094 2089 post
1116 2005 1218 2069 filiurn
1248 2005 1406 2088 spiritum,
1434 2003 1532 2085 quida

367 2112 534 2176 animarit
560 2113 643 2176 inter
669 2131 726 2176 nos
755 2116 787 2176 et
814 2113 887 2178 illos
911 2113 973 2176 nisi
1002 2113 1177 2177 differentia
1204 2113 1289 2176 isia?
1319 2111 1400 2194 quod
1428 2131 1499 2194 opus

365 2218 535 2302 euangelii,
560 2237 641 2301 quac
665 2223 716 2282 est
738 2219 919 2283 substantia
942 2219 1017 2284 noui
1041 2219 1225 2283 testamenti
1244 2221 1388 2284 statuens
1405 2217 1499 2300 legem

367 2331 399 2390 et
421 2324 592 2408 prophetas
612 2344 713 2408 usque
732 2325 770 2388 ad
789 2326 973 2403 Iohannem,
999 2326 1027 2390 si
1046 2345 1106 2390 non
1128 2325 1238 2389 exinde
1257 2329 1348 2407 pater
1371 2327 1403 2389 et
1423 2323 1500 2387 lilius

367 2435 400 2496 et
419 2432 551 2515 spiritus
572 2435 713 2510 sanctus,
738 2435 802 2496 tres
823 2432 945 2508 crediti,
971 2452 1070 2497 unum
1090 2432 1184 2496 deum
1204 2431 1342 2496 sistunt?
1367 2431 1411 2496 sic
1428 2431 1500 2495 deus

366 2539 472 2604 uoluit
508 2557 624 2603 nouare
663 2542 907 2616 sacramentum,
945 2543 982 2603 ut
1019 2558 1100 2603 noue
1132 2556 1214 2603 unus
1247 2537 1424 2602 eraderetur
1454 2555 1501 2618 per
1515 2556 1532 2592 a

366 2645 468 2711 filium
493 2647 524 2710 et
549 2644 707 2726 spiritum,
730 2648 768 2708 ut
791 2663 897 2709 coram
921 2645 985 2708 iam
1009 2643 1088 2709 deus
1107 2645 1138 2708 in
1164 2645 1230 2710 suis
1254 2644 1389 2727 propriis
1411 2641 1500 2706 nomi·

365 2752 459 2816 nibus
489 2756 521 2815 et
549 2752 692 2832 personis
722 2753 977 2834 cognosceretur,
1014 2751 1069 2833 qui
1098 2754 1129 2816 et
1156 2756 1239 2816 retro
1268 2770 1324 2834 per
1350 2751 1448 2814 filium
1474 2760 1500 2810 et
1585 2773 1586 2798 r

367 2858 513 2941 spiritum
543 2857 742 2939 praedicatus
770 2877 831 2922 non
859 2857 1114 2941 intellegebatur.
1142 2857 1280 2922 uiderint
1307 2857 1406 2941 igitur
1431 2854 1500 2920 anti·

366 2964 487 3042 christi,
518 2965 572 3046 qui
605 2969 722 3048 negant
754 2969 875 3048 patrem
905 2969 937 3029 et
968 2965 1080 3030 filium.
1114 2968 1232 3048 negant
1263 2965 1347 3029 enim
1380 2969 1499 3046 patrem.

367 3070 443 3134 dum
476 3071 611 3134 eundem
639 3070 741 3135 filium
771 3071 890 3144 dicunt,
925 3077 956 3136 et
984 3075 1101 3154 negant
1128 3071 1240 3146 filium,
1275 3071 1351 3134 dum
1379 3068 1533 3133 eundemu

366 3179 489 3258 patrem
517 3175 659 3254 credunt,
688 3175 789 3240 dando
819 3176 883 3242 illis
917 3195 996 3259 quae
1026 3196 1086 3240 non
1116 3180 1200 3240 sunt.
1234 3175 1404 3240 auferendo
1431 3191 1500 3256 quar

456 3457 484 3524 2]
509 3456 542 3509 ci.
566 3455 624 3509 loh.
648 3457 674 3521 3,
699 3458 740 3510 13.
764 3455 834 3525 Epir.
858 3459 883 3518 4,
903 3457 928 3510 9.
983 3458 1011 3526 3]
1033 3455 1167 3511 cillere.
1190 3457 1230 3523 16,
1252 3455 1293 3508 19.
1349 3455 1379 3524 4]
1399 3452 1430 3508 oi.
1446 3449 1499 3504 Act.

367 3548 454 3612 7,55.
524 3545 796 3615 5]cf.Ps.109,1.
866 3546 893 3614 ‘ll
914 3545 947 3598 ci.
967 3546 1027 3599 Act.
1048 3546 1072 3606 l,
1094 3546 1134 3598 11.
1154 3545 1217 3598 Luc.
1237 3544 1280 3612 21,
1299 3545 1342 3597 27.
1413 3541 1451 3607 11]
1471 3536 1499 3590 cl.

367 3635 549 3695 10h.16.13.

403 3827 567 3881 3inieriora
578 3829 648 3896 fort.
669 3829 715 3896 (cs.
735 3828 827 3882 dean.
844 3845 864 3880 c.
882 3830 927 3890 55)
974 3827 1082 3881 luidit
1099 3827 1207 3896 scripsi:
1227 3825 1305 3884 uidet
1323 3823 1412 3878 PMF
1466 3819 1499 3873 la·

366 3916 506 3986 pidaretur
532 3916 629 3982 PMF,
656 3915 793 3987 lapidatur
825 3916 878 3972 Ura
949 3919 965 3970 5
994 3933 1129 3971 sessurum
1157 3921 1185 3984 (u
1212 3932 1245 3969 ae:
1272 3931 1304 3967 us
1333 3931 1351 3966 a
1373 3931 1407 3966 m.
1429 3913 1450 3976 1)
1470 3906 1503 3961 M

370 4003 402 4056 10
425 4001 573 4076 οἰκονομίας
595 4003 680 4072 uulpo
749 4005 779 4057 11
806 4003 980 4058 deductorem
1008 4005 1072 4059 Gel:
1096 4003 1250 4086 deductoris
1273 4001 1365 4056 PMF
1432 4001 1461 4051 15
1479 3996 1500 4046 ei

367 4153 542 4191 annumerare
560 4137 591 4192 F
648 4138 680 4192 16
700 4137 765 4206 quid
778 4139 849 4206 fori.
912 4139 944 4192 19
963 4139 1073 4208 spiritus
1093 4103 1138 4207 slis
1153 4137 1190 4190 Μ
1205 4139 1284 4203 (corr.
1303 4153 1337 4190 m.
1354 4139 1380 4200 1)
1400 4131 1500 4203 spiritui

367 4228 477 4277 sanctur
495 4225 530 4292 F,
550 4224 662 4294 spiritus
680 4225 708 4277 P
