<?xml version="1.0" encoding="UTF-8"?>
<!DOCTYPE html PUBLIC "-//W3C//DTD XHTML 1.0 Transitional//EN"
    "http://www.w3.org/TR/xhtml1/DTD/xhtml1-transitional.dtd">
<html xmlns="http://www.w3.org/1999/xhtml" xml:lang="en" lang="en">
 <head>
  <title>
</title>
<meta http-equiv="Content-Type" content="text/html;charset=utf-8" />
  <meta name='ocr-system' content='tesseract 3.04.00' />
  <meta name='ocr-capabilities' content='ocr_page ocr_carea ocr_par ocr_line ocrx_word'/>
</head>
<body>
  <div class='ocr_page' id='page_1' title='image "./corpusscriptoru20wissgoog_0407.png"; bbox 0 0 3250 4959; ppageno 0'>
   <div class='ocr_carea' id='block_1_1' title="bbox 379 441 1298 510">
    <p class='ocr_par' dir='ltr' id='par_1_1' title="bbox 379 441 1298 510">
     <span class='ocr_line' id='line_1_1' title="bbox 379 441 1298 510; baseline 0.008 -15"><span class='ocrx_word' id='word_1_1' title='bbox 379 441 442 496; x_wconf 83' lang='lat' dir='ltr'>VII.</span> <span class='ocrx_word' id='word_1_2' title='bbox 459 441 628 496; x_wconf 80' lang='lat' dir='ltr'><strong>Aduersus</strong></span> <span class='ocrx_word' id='word_1_3' title='bbox 646 443 846 498; x_wconf 76' lang='lat' dir='ltr'><strong>Marcionem</strong></span> <span class='ocrx_word' id='word_1_4' title='bbox 864 443 913 497; x_wconf 93' lang='lat' dir='ltr'><strong>lib.</strong></span> <span class='ocrx_word' id='word_1_5' title='bbox 932 442 960 496; x_wconf 93' lang='lat'><strong>11</strong></span> <span class='ocrx_word' id='word_1_6' title='bbox 978 443 1058 498; x_wconf 79' lang='grc'><strong>4-5.</strong></span> <span class='ocrx_word' id='word_1_7' title='bbox 1234 447 1298 510; x_wconf 82' lang='grc'><strong>339</strong></span> 
     </span>
    </p>
   </div>
   <div class='ocr_carea' id='block_1_2' title="bbox 31 636 1342 3822">
    <p class='ocr_par' dir='ltr' id='par_1_2' title="bbox 31 636 1342 3822">
     <span class='ocr_line' id='line_1_2' title="bbox 149 636 1299 724; baseline 0.003 -24"><span class='ocrx_word' id='word_1_8' title='bbox 149 636 215 700; x_wconf 90' lang='lat' dir='ltr'><strong>die</strong></span> <span class='ocrx_word' id='word_1_9' title='bbox 249 641 382 703; x_wconf 89' lang='lat' dir='ltr'><strong>autern</strong></span> <span class='ocrx_word' id='word_1_10' title='bbox 415 639 598 715; x_wconf 87' lang='lat' dir='ltr'><strong>ederitis,</strong></span> <span class='ocrx_word' id='word_1_11' title='bbox 631 641 759 704; x_wconf 91' lang='lat' dir='ltr'><strong>morte</strong></span> <span class='ocrx_word' id='word_1_12' title='bbox 791 639 1032 704; x_wconf 85' lang='lat' dir='ltr'><strong>moriemini.</strong></span> <span class='ocrx_word' id='word_1_13' title='bbox 1071 640 1299 724; x_wconf 83' lang='lat' dir='ltr'><strong>benignissime</strong></span> 
     </span>
     <span class='ocr_line' id='line_1_3' title="bbox 148 745 1299 832; baseline 0.001 -22"><span class='ocrx_word' id='word_1_14' title='bbox 148 746 235 810; x_wconf 92' lang='lat' dir='ltr'><strong>enim</strong></span> <span class='ocrx_word' id='word_1_15' title='bbox 250 745 482 810; x_wconf 88' lang='lat' dir='ltr'><strong>demonstrauit</strong></span> <span class='ocrx_word' id='word_1_16' title='bbox 494 746 612 811; x_wconf 83' lang='lat' dir='ltr'><strong>exitum</strong></span> <span class='ocrx_word' id='word_1_17' title='bbox 628 746 901 831; x_wconf 78' lang='lat' dir='ltr'><strong>transgressionis,</strong></span> <span class='ocrx_word' id='word_1_18' title='bbox 922 765 960 811; x_wconf 91' lang='lat' dir='ltr'><strong>ue</strong></span> <span class='ocrx_word' id='word_1_19' title='bbox 974 747 1152 830; x_wconf 86' lang='lat' dir='ltr'><strong>ignorantia</strong></span> <span class='ocrx_word' id='word_1_20' title='bbox 1166 748 1299 832; x_wconf 90' lang='lat' dir='ltr'><strong>periculi</strong></span> 
     </span>
     <span class='ocr_line' id='line_1_4' title="bbox 146 852 1342 944; baseline 0.007 -28"><span class='ocrx_word' id='word_1_21' title='bbox 146 853 386 936; x_wconf 81' lang='lat' dir='ltr'><strong>neglegentiam</strong></span> <span class='ocrx_word' id='word_1_22' title='bbox 417 854 543 919; x_wconf 89' lang='lat' dir='ltr'><strong>innaret</strong></span> <span class='ocrx_word' id='word_1_23' title='bbox 575 856 731 936; x_wconf 90' lang='lat' dir='ltr'><strong>obsequii.</strong></span> <span class='ocrx_word' id='word_1_24' title='bbox 756 852 763 944; x_wconf 89' lang='grc' dir='ltr'>Ι</span> <span class='ocrx_word' id='word_1_25' title='bbox 791 873 884 939; x_wconf 89' lang='lat' dir='ltr'><strong>porro</strong></span> <span class='ocrx_word' id='word_1_26' title='bbox 917 855 944 920; x_wconf 89' lang='lat' dir='ltr'><strong>si</strong></span> <span class='ocrx_word' id='word_1_27' title='bbox 977 855 1057 939; x_wconf 87' lang='lat' dir='ltr'><strong>legis</strong></span> <span class='ocrx_word' id='word_1_28' title='bbox 1089 855 1342 939; x_wconf 84' lang='lat' dir='ltr'><strong>imponendan</strong></span> 
     </span>
     <span class='ocr_line' id='line_1_5' title="bbox 146 961 1300 1044; baseline 0.002 -20"><span class='ocrx_word' id='word_1_29' title='bbox 146 961 232 1024; x_wconf 85' lang='lat' dir='ltr'><strong>ratio</strong></span> <span class='ocrx_word' id='word_1_30' title='bbox 250 962 435 1042; x_wconf 76' lang='lat' dir='ltr'><strong>praecessit,</strong></span> <span class='ocrx_word' id='word_1_31' title='bbox 453 963 647 1044; x_wconf 87' lang='lat' dir='ltr'><strong>sequebatur</strong></span> <span class='ocrx_word' id='word_1_32' title='bbox 665 964 761 1028; x_wconf 89' lang='lat' dir='ltr'><strong>etiam</strong></span> <span class='ocrx_word' id='word_1_33' title='bbox 781 963 1007 1040; x_wconf 87' lang='lat' dir='ltr'><strong>obseruandae,</strong></span> <span class='ocrx_word' id='word_1_34' title='bbox 1027 965 1064 1026; x_wconf 91' lang='lat' dir='ltr'><strong>ut</strong></span> <span class='ocrx_word' id='word_1_35' title='bbox 1082 980 1183 1044; x_wconf 90' lang='lat' dir='ltr'><strong>poena</strong></span> <span class='ocrx_word' id='word_1_36' title='bbox 1200 966 1300 1027; x_wconf 90' lang='lat' dir='ltr'><strong>trans-</strong></span> 
     </span>
     <span class='ocr_line' id='line_1_6' title="bbox 113 1067 1299 1152; baseline 0.004 -23"><span class='ocrx_word' id='word_1_37' title='bbox 113 1067 308 1150; x_wconf 77' lang='lat' dir='ltr'><strong>sgressioni</strong></span> <span class='ocrx_word' id='word_1_38' title='bbox 335 1067 577 1143; x_wconf 88' lang='lat' dir='ltr'><strong>adscriberetur,</strong></span> <span class='ocrx_word' id='word_1_39' title='bbox 606 1089 700 1152; x_wconf 87' lang='lat' dir='ltr'><strong>qnam</strong></span> <span class='ocrx_word' id='word_1_40' title='bbox 728 1075 833 1134; x_wconf 90' lang='lat' dir='ltr'><strong>tamen</strong></span> <span class='ocrx_word' id='word_1_41' title='bbox 863 1071 988 1134; x_wconf 89' lang='lat' dir='ltr'><strong>euenire</strong></span> <span class='ocrx_word' id='word_1_42' title='bbox 1016 1070 1121 1134; x_wconf 89' lang='lat' dir='ltr'><strong>noluit</strong></span> <span class='ocrx_word' id='word_1_43' title='bbox 1148 1070 1299 1152; x_wconf 80' lang='lat' dir='ltr'><strong>quiante</strong></span> 
     </span>
     <span class='ocr_line' id='line_1_7' title="bbox 147 1170 1300 1262; baseline 0.003 -25"><span class='ocrx_word' id='word_1_44' title='bbox 147 1170 341 1262; x_wconf 65' lang='lat' dir='ltr'><strong>praedixit!</strong></span> <span class='ocrx_word' id='word_1_45' title='bbox 360 1194 497 1258; x_wconf 90' lang='lat' dir='ltr'><strong>agnosce</strong></span> <span class='ocrx_word' id='word_1_46' title='bbox 532 1177 633 1260; x_wconf 87' lang='lat' dir='ltr'><strong>igitur</strong></span> <span class='ocrx_word' id='word_1_47' title='bbox 665 1177 838 1241; x_wconf 88' lang='lat' dir='ltr'><strong>bonitatem</strong></span> <span class='ocrx_word' id='word_1_48' title='bbox 873 1177 924 1240; x_wconf 91' lang='lat' dir='ltr'><strong>dei</strong></span> <span class='ocrx_word' id='word_1_49' title='bbox 956 1177 1055 1242; x_wconf 91' lang='lat' dir='ltr'><strong>nostri</strong></span> <span class='ocrx_word' id='word_1_50' title='bbox 1086 1175 1214 1240; x_wconf 88' lang='lat' dir='ltr'><strong>interim</strong></span> <span class='ocrx_word' id='word_1_51' title='bbox 1246 1176 1300 1240; x_wconf 91' lang='lat' dir='ltr'><strong>uel</strong></span> 
     </span>
     <span class='ocr_line' id='line_1_8' title="bbox 148 1281 1299 1365; baseline 0.003 -22"><span class='ocrx_word' id='word_1_52' title='bbox 148 1281 319 1363; x_wconf 89' lang='lat' dir='ltr'><strong>hucusque</strong></span> <span class='ocrx_word' id='word_1_53' title='bbox 337 1299 373 1344; x_wconf 84' lang='lat' dir='ltr'><strong>er</strong></span> <span class='ocrx_word' id='word_1_54' title='bbox 392 1283 541 1365; x_wconf 91' lang='lat' dir='ltr'><strong>operibns</strong></span> <span class='ocrx_word' id='word_1_55' title='bbox 559 1284 661 1359; x_wconf 89' lang='lat' dir='ltr'><strong>bonis,</strong></span> <span class='ocrx_word' id='word_1_56' title='bbox 681 1303 716 1347; x_wconf 85' lang='lat' dir='ltr'><strong>er</strong></span> <span class='ocrx_word' id='word_1_57' title='bbox 735 1282 1010 1348; x_wconf 82' lang='lat' dir='ltr'><strong>benedictionibus</strong></span> <span class='ocrx_word' id='word_1_58' title='bbox 1029 1283 1131 1360; x_wconf 78' lang='lat' dir='ltr'><strong>bonis,</strong></span> <span class='ocrx_word' id='word_1_59' title='bbox 1147 1301 1183 1346; x_wconf 88' lang='lat' dir='ltr'><strong>er</strong></span> <span class='ocrx_word' id='word_1_60' title='bbox 1197 1282 1299 1346; x_wconf 92' lang='lat' dir='ltr'><strong>indul-</strong></span> 
     </span>
     <span class='ocr_line' id='line_1_9' title="bbox 148 1388 1299 1474; baseline 0.003 -24"><span class='ocrx_word' id='word_1_61' title='bbox 148 1388 279 1470; x_wconf 87' lang='lat' dir='ltr'><strong>gentiis,</strong></span> <span class='ocrx_word' id='word_1_62' title='bbox 308 1408 344 1453; x_wconf 84' lang='lat' dir='ltr'><strong>ex</strong></span> <span class='ocrx_word' id='word_1_63' title='bbox 366 1389 587 1472; x_wconf 89' lang='lat' dir='ltr'><strong>prouidentiis,</strong></span> <span class='ocrx_word' id='word_1_64' title='bbox 614 1391 801 1474; x_wconf 86' lang='lat' dir='ltr'><strong>exlegibus</strong></span> <span class='ocrx_word' id='word_1_65' title='bbox 826 1393 858 1454; x_wconf 85' lang='lat' dir='ltr'><strong>et</strong></span> <span class='ocrx_word' id='word_1_66' title='bbox 880 1389 1184 1472; x_wconf 84' lang='lat' dir='ltr'><strong>praemonitionibus</strong></span> <span class='ocrx_word' id='word_1_67' title='bbox 1208 1389 1299 1454; x_wconf 85' lang='lat' dir='ltr'><strong>bonis</strong></span> 
     </span>
     <span class='ocr_line' id='line_1_10' title="bbox 149 1494 363 1579; baseline -0.005 -21"><span class='ocrx_word' id='word_1_68' title='bbox 149 1496 184 1559; x_wconf 89' lang='lat' dir='ltr'><strong>et</strong></span> <span class='ocrx_word' id='word_1_69' title='bbox 206 1494 363 1579; x_wconf 87' lang='lat' dir='ltr'><strong>benignis.</strong></span> 
     </span>
     <span class='ocr_line' id='line_1_11' title="bbox 100 1602 1297 1687; baseline 0.007 -27"><span class='ocrx_word' id='word_1_70' title='bbox 100 1622 129 1660; x_wconf 75' lang='lat' dir='ltr'><strong>ro</strong></span> <span class='ocrx_word' id='word_1_71' title='bbox 178 1605 227 1666; x_wconf 86' lang='lat'><strong>.5.</strong></span> <span class='ocrx_word' id='word_1_72' title='bbox 256 1602 323 1667; x_wconf 91' lang='lat' dir='ltr'><strong>Iam</strong></span> <span class='ocrx_word' id='word_1_73' title='bbox 351 1603 426 1667; x_wconf 91' lang='lat' dir='ltr'><strong>binc</strong></span> <span class='ocrx_word' id='word_1_74' title='bbox 453 1604 492 1668; x_wconf 86' lang='lat' dir='ltr'><strong>ad</strong></span> <span class='ocrx_word' id='word_1_75' title='bbox 516 1605 719 1686; x_wconf 89' lang='lat' dir='ltr'><strong>quaestiones</strong></span> <span class='ocrx_word' id='word_1_76' title='bbox 743 1607 765 1686; x_wconf 90' lang='lat'>†</span> <span class='ocrx_word' id='word_1_77' title='bbox 790 1623 909 1678; x_wconf 90' lang='lat' dir='ltr'><strong>omnes,</strong></span> <span class='ocrx_word' id='word_1_78' title='bbox 934 1624 951 1669; x_wconf 91' lang='lat' dir='ltr'><strong>o</strong></span> <span class='ocrx_word' id='word_1_79' title='bbox 977 1623 1080 1680; x_wconf 88' lang='lat' dir='ltr'><strong>canes,</strong></span> <span class='ocrx_word' id='word_1_80' title='bbox 1110 1623 1190 1687; x_wconf 90' lang='lat' dir='ltr'><strong>qnos</strong></span> <span class='ocrx_word' id='word_1_81' title='bbox 1214 1603 1297 1668; x_wconf 86' lang='lat' dir='ltr'><strong>foras</strong></span> 
     </span>
     <span class='ocr_line' id='line_1_12' title="bbox 148 1707 1298 1792; baseline 0.003 -21"><span class='ocrx_word' id='word_1_82' title='bbox 148 1707 316 1790; x_wconf 85' lang='lat' dir='ltr'><strong>apostolus</strong></span> <span class='ocrx_word' id='word_1_83' title='bbox 336 1710 474 1791; x_wconf 83' lang='lat' dir='ltr'><strong>expellit,</strong></span> <span class='ocrx_word' id='word_1_84' title='bbox 497 1711 650 1776; x_wconf 86' lang='lat' dir='ltr'><strong>latrantes</strong></span> <span class='ocrx_word' id='word_1_85' title='bbox 668 1712 700 1775; x_wconf 90' lang='lat' dir='ltr'><strong>in</strong></span> <span class='ocrx_word' id='word_1_86' title='bbox 721 1711 815 1777; x_wconf 88' lang='lat' dir='ltr'><strong>deum</strong></span> <span class='ocrx_word' id='word_1_87' title='bbox 835 1711 988 1776; x_wconf 90' lang='lat' dir='ltr'><strong>ueritatis.</strong></span> <span class='ocrx_word' id='word_1_88' title='bbox 1012 1711 1090 1776; x_wconf 89' lang='lat' dir='ltr'><strong>baec</strong></span> <span class='ocrx_word' id='word_1_89' title='bbox 1109 1714 1184 1775; x_wconf 89' lang='lat' dir='ltr'><strong>aunt</strong></span> <span class='ocrx_word' id='word_1_90' title='bbox 1207 1729 1298 1792; x_wconf 90' lang='lat' dir='ltr'><strong>argu-</strong></span> 
     </span>
     <span class='ocr_line' id='line_1_13' title="bbox 147 1816 1298 1899; baseline 0.003 -22"><span class='ocrx_word' id='word_1_91' title='bbox 147 1816 383 1880; x_wconf 87' lang='lat' dir='ltr'><strong>mentationnm</strong></span> <span class='ocrx_word' id='word_1_92' title='bbox 402 1835 485 1894; x_wconf 90' lang='lat' dir='ltr'><strong>ossa,</strong></span> <span class='ocrx_word' id='word_1_93' title='bbox 509 1837 589 1899; x_wconf 88' lang='lat' dir='ltr'><strong>quae</strong></span> <span class='ocrx_word' id='word_1_94' title='bbox 608 1817 775 1883; x_wconf 88' lang='lat' dir='ltr'><strong>obroditis:</strong></span> <span class='ocrx_word' id='word_1_95' title='bbox 795 1818 834 1882; x_wconf 84' lang='lat' dir='ltr'><strong>‘si</strong></span> <span class='ocrx_word' id='word_1_96' title='bbox 854 1818 932 1883; x_wconf 87' lang='lat' dir='ltr'><strong>dens</strong></span> <span class='ocrx_word' id='word_1_97' title='bbox 955 1819 1057 1882; x_wconf 87' lang='lat' dir='ltr'><strong>bonus</strong></span> <span class='ocrx_word' id='word_1_98' title='bbox 1081 1821 1113 1882; x_wconf 91' lang='lat' dir='ltr'><strong>et</strong></span> <span class='ocrx_word' id='word_1_99' title='bbox 1135 1818 1298 1898; x_wconf 89' lang='lat' dir='ltr'><strong>praescius</strong></span> 
     </span>
     <span class='ocr_line' id='line_1_14' title="bbox 147 1922 1299 2007; baseline 0.002 -22"><span class='ocrx_word' id='word_1_100' title='bbox 147 1922 252 1986; x_wconf 86' lang='lat' dir='ltr'><strong>futuri</strong></span> <span class='ocrx_word' id='word_1_101' title='bbox 269 1924 303 1986; x_wconf 90' lang='lat' dir='ltr'><strong>et</strong></span> <span class='ocrx_word' id='word_1_102' title='bbox 320 1924 483 1988; x_wconf 89' lang='lat' dir='ltr'><strong>auertendi</strong></span> <span class='ocrx_word' id='word_1_103' title='bbox 500 1925 577 1990; x_wconf 86' lang='lat' dir='ltr'><strong>mali</strong></span> <span class='ocrx_word' id='word_1_104' title='bbox 595 1929 720 2007; x_wconf 90' lang='lat' dir='ltr'><strong>potens,</strong></span> <span class='ocrx_word' id='word_1_105' title='bbox 745 1945 802 1990; x_wconf 90' lang='lat' dir='ltr'><strong>cnr</strong></span> <span class='ocrx_word' id='word_1_106' title='bbox 819 1925 990 1999; x_wconf 89' lang='lat' dir='ltr'><strong>hominem,</strong></span> <span class='ocrx_word' id='word_1_107' title='bbox 1015 1932 1047 1988; x_wconf 90' lang='lat' dir='ltr'><strong>et</strong></span> <span class='ocrx_word' id='word_1_108' title='bbox 1070 1924 1197 2006; x_wconf 89' lang='lat' dir='ltr'><strong>quidem</strong></span> <span class='ocrx_word' id='word_1_109' title='bbox 1220 1924 1299 1988; x_wconf 85' lang='lat' dir='ltr'><strong>ima-</strong></span> 
     </span>
     <span class='ocr_line' id='line_1_15' title="bbox 148 2029 1299 2112; baseline 0.002 -20"><span class='ocrx_word' id='word_1_110' title='bbox 148 2029 257 2112; x_wconf 89' lang='lat' dir='ltr'><strong>ginem</strong></span> <span class='ocrx_word' id='word_1_111' title='bbox 281 2035 313 2094; x_wconf 91' lang='lat' dir='ltr'><strong>et</strong></span> <span class='ocrx_word' id='word_1_112' title='bbox 332 2030 575 2095; x_wconf 86' lang='lat' dir='ltr'><strong>similitudinem</strong></span> <span class='ocrx_word' id='word_1_113' title='bbox 595 2051 697 2109; x_wconf 88' lang='lat' dir='ltr'><strong>suam,</strong></span> <span class='ocrx_word' id='word_1_114' title='bbox 720 2033 818 2097; x_wconf 91' lang='lat' dir='ltr'><strong>immo</strong></span> <span class='ocrx_word' id='word_1_115' title='bbox 839 2034 872 2097; x_wconf 89' lang='lat' dir='ltr'><strong>et</strong></span> <span class='ocrx_word' id='word_1_116' title='bbox 890 2031 1101 2096; x_wconf 85' lang='lat' dir='ltr'><strong>substantiam</strong></span> <span class='ocrx_word' id='word_1_117' title='bbox 1122 2050 1223 2102; x_wconf 83' lang='lat' dir='ltr'><strong>suam,</strong></span> <span class='ocrx_word' id='word_1_118' title='bbox 1243 2049 1299 2112; x_wconf 93' lang='lat' dir='ltr'><strong>per</strong></span> 
     </span>
     <span class='ocr_line' id='line_1_16' title="bbox 99 2137 1297 2223; baseline 0 -23"><span class='ocrx_word' id='word_1_119' title='bbox 99 2154 128 2193; x_wconf 75' lang='lat'><strong>1⁵</strong></span> <span class='ocrx_word' id='word_1_120' title='bbox 148 2137 274 2201; x_wconf 89' lang='lat' dir='ltr'><strong>animae</strong></span> <span class='ocrx_word' id='word_1_121' title='bbox 301 2137 425 2202; x_wconf 88' lang='lat' dir='ltr'><strong>scilicet</strong></span> <span class='ocrx_word' id='word_1_122' title='bbox 451 2158 591 2217; x_wconf 89' lang='lat' dir='ltr'><strong>censum,</strong></span> <span class='ocrx_word' id='word_1_123' title='bbox 620 2159 735 2223; x_wconf 89' lang='lat' dir='ltr'><strong>passus</strong></span> <span class='ocrx_word' id='word_1_124' title='bbox 759 2143 810 2204; x_wconf 89' lang='lat' dir='ltr'><strong>cst</strong></span> <span class='ocrx_word' id='word_1_125' title='bbox 832 2139 896 2203; x_wconf 85' lang='lat' dir='ltr'><strong>labi</strong></span> <span class='ocrx_word' id='word_1_126' title='bbox 921 2138 959 2202; x_wconf 90' lang='lat' dir='ltr'><strong>de</strong></span> <span class='ocrx_word' id='word_1_127' title='bbox 983 2138 1136 2220; x_wconf 89' lang='lat' dir='ltr'><strong>obsequio</strong></span> <span class='ocrx_word' id='word_1_128' title='bbox 1160 2138 1242 2221; x_wconf 90' lang='lat' dir='ltr'><strong>legis</strong></span> <span class='ocrx_word' id='word_1_129' title='bbox 1265 2137 1297 2200; x_wconf 93' lang='lat' dir='ltr'><strong>in</strong></span> 
     </span>
     <span class='ocr_line' id='line_1_17' title="bbox 148 2243 1297 2326; baseline 0 -19"><span class='ocrx_word' id='word_1_130' title='bbox 148 2249 294 2322; x_wconf 89' lang='lat' dir='ltr'><strong>mortem,</strong></span> <span class='ocrx_word' id='word_1_131' title='bbox 329 2245 582 2311; x_wconf 88' lang='lat' dir='ltr'><strong>circumuentum</strong></span> <span class='ocrx_word' id='word_1_132' title='bbox 616 2267 634 2312; x_wconf 86' lang='lat' dir='ltr'><strong>a</strong></span> <span class='ocrx_word' id='word_1_133' title='bbox 666 2246 813 2312; x_wconf 83' lang='lat' dir='ltr'><strong>diabole?</strong></span> <span class='ocrx_word' id='word_1_134' title='bbox 851 2247 878 2310; x_wconf 87' lang='lat' dir='ltr'><strong>si</strong></span> <span class='ocrx_word' id='word_1_135' title='bbox 916 2245 998 2310; x_wconf 88' lang='lat' dir='ltr'><strong>enim</strong></span> <span class='ocrx_word' id='word_1_136' title='bbox 1032 2249 1063 2309; x_wconf 89' lang='lat' dir='ltr'><strong>et</strong></span> <span class='ocrx_word' id='word_1_137' title='bbox 1096 2246 1209 2322; x_wconf 88' lang='lat' dir='ltr'><strong>bonno,</strong></span> <span class='ocrx_word' id='word_1_138' title='bbox 1243 2243 1297 2326; x_wconf 94' lang='lat' dir='ltr'><strong>qui</strong></span> 
     </span>
     <span class='ocr_line' id='line_1_18' title="bbox 149 2350 1297 2436; baseline -0.002 -22"><span class='ocrx_word' id='word_1_139' title='bbox 149 2350 278 2414; x_wconf 90' lang='lat' dir='ltr'><strong>euenire</strong></span> <span class='ocrx_word' id='word_1_140' title='bbox 296 2353 361 2415; x_wconf 88' lang='lat' dir='ltr'><strong>tale</strong></span> <span class='ocrx_word' id='word_1_141' title='bbox 380 2352 457 2434; x_wconf 90' lang='lat' dir='ltr'><strong>quid</strong></span> <span class='ocrx_word' id='word_1_142' title='bbox 474 2353 583 2429; x_wconf 88' lang='lat' dir='ltr'><strong>nollet,</strong></span> <span class='ocrx_word' id='word_1_143' title='bbox 603 2357 635 2417; x_wconf 92' lang='lat' dir='ltr'><strong>et</strong></span> <span class='ocrx_word' id='word_1_144' title='bbox 654 2354 826 2436; x_wconf 89' lang='lat' dir='ltr'><strong>praescius,</strong></span> <span class='ocrx_word' id='word_1_145' title='bbox 848 2354 901 2436; x_wconf 89' lang='lat' dir='ltr'><strong>qui</strong></span> <span class='ocrx_word' id='word_1_146' title='bbox 921 2355 1109 2416; x_wconf 87' lang='lat' dir='ltr'><strong>euenturum</strong></span> <span class='ocrx_word' id='word_1_147' title='bbox 1129 2368 1190 2415; x_wconf 90' lang='lat' dir='ltr'><strong>non</strong></span> <span class='ocrx_word' id='word_1_148' title='bbox 1209 2350 1297 2434; x_wconf 89' lang='lat' dir='ltr'><strong>igno·</strong></span> 
     </span>
     <span class='ocr_line' id='line_1_19' title="bbox 147 2457 1298 2542; baseline 0 -23"><span class='ocrx_word' id='word_1_149' title='bbox 147 2459 243 2532; x_wconf 86' lang='lat' dir='ltr'><strong>raret,</strong></span> <span class='ocrx_word' id='word_1_150' title='bbox 272 2461 304 2522; x_wconf 89' lang='lat' dir='ltr'><strong>ct</strong></span> <span class='ocrx_word' id='word_1_151' title='bbox 326 2461 451 2540; x_wconf 88' lang='lat' dir='ltr'><strong>potens,</strong></span> <span class='ocrx_word' id='word_1_152' title='bbox 480 2459 534 2540; x_wconf 86' lang='lat' dir='ltr'><strong>qui</strong></span> <span class='ocrx_word' id='word_1_153' title='bbox 558 2458 714 2542; x_wconf 88' lang='lat' dir='ltr'><strong>depellere</strong></span> <span class='ocrx_word' id='word_1_154' title='bbox 738 2461 870 2526; x_wconf 85' lang='lat' dir='ltr'><strong>ualeret.</strong></span> <span class='ocrx_word' id='word_1_155' title='bbox 900 2458 987 2523; x_wconf 92' lang='lat' dir='ltr'><strong>nullo</strong></span> <span class='ocrx_word' id='word_1_156' title='bbox 1018 2457 1110 2522; x_wconf 88' lang='lat' dir='ltr'><strong>modo</strong></span> <span class='ocrx_word' id='word_1_157' title='bbox 1137 2457 1298 2521; x_wconf 89' lang='lat' dir='ltr'><strong>euenisset</strong></span> 
     </span>
     <span class='ocr_line' id='line_1_20' title="bbox 147 2563 1297 2645; baseline -0.001 -19"><span class='ocrx_word' id='word_1_158' title='bbox 147 2563 235 2645; x_wconf 87' lang='lat' dir='ltr'><strong>quod</strong></span> <span class='ocrx_word' id='word_1_159' title='bbox 263 2563 324 2628; x_wconf 91' lang='lat' dir='ltr'><strong>sub</strong></span> <span class='ocrx_word' id='word_1_160' title='bbox 351 2564 401 2629; x_wconf 89' lang='lat' dir='ltr'><strong>bis</strong></span> <span class='ocrx_word' id='word_1_161' title='bbox 428 2565 531 2629; x_wconf 87' lang='lat' dir='ltr'><strong>tribus</strong></span> <span class='ocrx_word' id='word_1_162' title='bbox 555 2565 793 2631; x_wconf 80' lang='lat' dir='ltr'><strong>condicionibus</strong></span> <span class='ocrx_word' id='word_1_163' title='bbox 818 2565 946 2629; x_wconf 89' lang='lat' dir='ltr'><strong>diuinae</strong></span> <span class='ocrx_word' id='word_1_164' title='bbox 969 2563 1148 2628; x_wconf 88' lang='lat' dir='ltr'><strong>maiestatis</strong></span> <span class='ocrx_word' id='word_1_165' title='bbox 1172 2563 1297 2627; x_wconf 89' lang='lat' dir='ltr'><strong>euenire</strong></span> 
     </span>
     <span class='ocr_line' id='line_1_21' title="bbox 97 2668 1297 2754; baseline -0.002 -21"><span class='ocrx_word' id='word_1_166' title='bbox 97 2688 128 2726; x_wconf 73' lang='lat' dir='ltr'><strong>ao</strong></span> <span class='ocrx_word' id='word_1_167' title='bbox 146 2689 211 2734; x_wconf 93' lang='lat' dir='ltr'><strong>non</strong></span> <span class='ocrx_word' id='word_1_168' title='bbox 233 2673 355 2752; x_wconf 86' lang='lat' dir='ltr'><strong>posset.</strong></span> <span class='ocrx_word' id='word_1_169' title='bbox 393 2673 525 2754; x_wconf 88' lang='lat' dir='ltr'><strong>quodsi</strong></span> <span class='ocrx_word' id='word_1_170' title='bbox 549 2674 665 2750; x_wconf 87' lang='lat' dir='ltr'><strong>euenit,</strong></span> <span class='ocrx_word' id='word_1_171' title='bbox 695 2670 880 2738; x_wconf 79' lang='lat' dir='ltr'><strong>absolutum</strong></span> <span class='ocrx_word' id='word_1_172' title='bbox 910 2674 959 2736; x_wconf 90' lang='lat' dir='ltr'><strong>est</strong></span> <span class='ocrx_word' id='word_1_173' title='bbox 983 2691 998 2735; x_wconf 91' lang='lat' dir='ltr'><strong>e</strong></span> <span class='ocrx_word' id='word_1_174' title='bbox 1023 2671 1178 2735; x_wconf 88' lang='lat' dir='ltr'><strong>contrario</strong></span> <span class='ocrx_word' id='word_1_175' title='bbox 1203 2668 1297 2732; x_wconf 89' lang='lat' dir='ltr'><strong>deum</strong></span> 
     </span>
     <span class='ocr_line' id='line_1_22' title="bbox 146 2776 1296 2862; baseline 0.003 -22"><span class='ocrx_word' id='word_1_176' title='bbox 146 2795 252 2858; x_wconf 88' lang='lat' dir='ltr'><strong>neque</strong></span> <span class='ocrx_word' id='word_1_177' title='bbox 285 2776 401 2842; x_wconf 91' lang='lat' dir='ltr'><strong>bonnm</strong></span> <span class='ocrx_word' id='word_1_178' title='bbox 435 2779 622 2845; x_wconf 88' lang='lat' dir='ltr'><strong>credendum</strong></span> <span class='ocrx_word' id='word_1_179' title='bbox 655 2799 756 2862; x_wconf 86' lang='lat' dir='ltr'><strong>neque</strong></span> <span class='ocrx_word' id='word_1_180' title='bbox 783 2779 962 2860; x_wconf 88' lang='lat' dir='ltr'><strong>praescium</strong></span> <span class='ocrx_word' id='word_1_181' title='bbox 990 2796 1091 2858; x_wconf 79' lang='lat' dir='ltr'><strong>ireque</strong></span> <span class='ocrx_word' id='word_1_182' title='bbox 1119 2779 1296 2860; x_wconf 79' lang='lat' dir='ltr'><strong>potentem:</strong></span> 
     </span>
     <span class='ocr_line' id='line_1_23' title="bbox 145 2882 1298 2968; baseline -0.003 -20"><span class='ocrx_word' id='word_1_183' title='bbox 145 2883 308 2965; x_wconf 88' lang='lat' dir='ltr'><strong>siquidem</strong></span> <span class='ocrx_word' id='word_1_184' title='bbox 326 2885 358 2948; x_wconf 92' lang='lat' dir='ltr'><strong>in</strong></span> <span class='ocrx_word' id='word_1_185' title='bbox 378 2890 532 2968; x_wconf 89' lang='lat' dir='ltr'><strong>qnantum</strong></span> <span class='ocrx_word' id='word_1_186' title='bbox 551 2887 630 2950; x_wconf 93' lang='lat' dir='ltr'><strong>nibil</strong></span> <span class='ocrx_word' id='word_1_187' title='bbox 649 2887 713 2951; x_wconf 90' lang='lat' dir='ltr'><strong>tale</strong></span> <span class='ocrx_word' id='word_1_188' title='bbox 732 2887 902 2962; x_wconf 88' lang='lat' dir='ltr'><strong>euenisset,</strong></span> <span class='ocrx_word' id='word_1_189' title='bbox 928 2885 956 2950; x_wconf 88' lang='lat' dir='ltr'><strong>si</strong></span> <span class='ocrx_word' id='word_1_190' title='bbox 979 2885 1053 2948; x_wconf 88' lang='lat' dir='ltr'><strong>talis</strong></span> <span class='ocrx_word' id='word_1_191' title='bbox 1078 2884 1167 2960; x_wconf 90' lang='lat' dir='ltr'><strong>deus,</strong></span> <span class='ocrx_word' id='word_1_192' title='bbox 1192 2882 1224 2945; x_wconf 94' lang='lat' dir='ltr'><strong>id</strong></span> <span class='ocrx_word' id='word_1_193' title='bbox 1248 2885 1298 2944; x_wconf 91' lang='lat' dir='ltr'><strong>est</strong></span> 
     </span>
     <span class='ocr_line' id='line_1_24' title="bbox 31 2989 1295 3075; baseline -0.001 -22"><span class='ocrx_word' id='word_1_194' title='bbox 31 3015 34 3017; x_wconf 50' lang='grc'>“</span> <span class='ocrx_word' id='word_1_195' title='bbox 145 2991 252 3055; x_wconf 92' lang='lat' dir='ltr'><strong>bonus</strong></span> <span class='ocrx_word' id='word_1_196' title='bbox 271 2996 304 3056; x_wconf 91' lang='lat' dir='ltr'><strong>et</strong></span> <span class='ocrx_word' id='word_1_197' title='bbox 321 2994 483 3074; x_wconf 90' lang='lat' dir='ltr'><strong>praescius</strong></span> <span class='ocrx_word' id='word_1_198' title='bbox 504 2998 535 3057; x_wconf 90' lang='lat' dir='ltr'><strong>et</strong></span> <span class='ocrx_word' id='word_1_199' title='bbox 554 2999 676 3075; x_wconf 88' lang='lat' dir='ltr'><strong>potens,</strong></span> <span class='ocrx_word' id='word_1_200' title='bbox 700 2993 733 3057; x_wconf 92' lang='lat' dir='ltr'><strong>in</strong></span> <span class='ocrx_word' id='word_1_201' title='bbox 752 2996 876 3057; x_wconf 89' lang='lat' dir='ltr'><strong>tantum</strong></span> <span class='ocrx_word' id='word_1_202' title='bbox 900 2992 972 3056; x_wconf 92' lang='lat' dir='ltr'><strong>ideo</strong></span> <span class='ocrx_word' id='word_1_203' title='bbox 997 2990 1113 3066; x_wconf 87' lang='lat' dir='ltr'><strong>euenit,</strong></span> <span class='ocrx_word' id='word_1_204' title='bbox 1139 2989 1212 3072; x_wconf 90' lang='lat' dir='ltr'><strong>quia</strong></span> <span class='ocrx_word' id='word_1_205' title='bbox 1236 3007 1295 3053; x_wconf 91' lang='lat' dir='ltr'><strong>non</strong></span> 
     </span>
     <span class='ocr_line' id='line_1_25' title="bbox 145 3095 1296 3183; baseline -0.002 -23"><span class='ocrx_word' id='word_1_206' title='bbox 145 3097 223 3161; x_wconf 87' lang='lat' dir='ltr'><strong>talia</strong></span> <span class='ocrx_word' id='word_1_207' title='bbox 248 3098 347 3162; x_wconf 85' lang='lat' dir='ltr'><strong>deus’.</strong></span> <span class='ocrx_word' id='word_1_208' title='bbox 372 3099 411 3163; x_wconf 89' lang='lat' dir='ltr'><strong>ad</strong></span> <span class='ocrx_word' id='word_1_209' title='bbox 435 3101 512 3164; x_wconf 88' lang='lat' dir='ltr'><strong>baec</strong></span> <span class='ocrx_word' id='word_1_210' title='bbox 534 3101 623 3183; x_wconf 90' lang='lat' dir='ltr'><strong>prius</strong></span> <span class='ocrx_word' id='word_1_211' title='bbox 648 3105 699 3165; x_wconf 89' lang='lat' dir='ltr'><strong>est</strong></span> <span class='ocrx_word' id='word_1_212' title='bbox 721 3102 799 3164; x_wconf 90' lang='lat' dir='ltr'><strong>istas</strong></span> <span class='ocrx_word' id='word_1_213' title='bbox 825 3099 948 3182; x_wconf 87' lang='lat' dir='ltr'><strong>species</strong></span> <span class='ocrx_word' id='word_1_214' title='bbox 972 3099 1003 3161; x_wconf 92' lang='lat' dir='ltr'><strong>in</strong></span> <span class='ocrx_word' id='word_1_215' title='bbox 1028 3101 1167 3161; x_wconf 86' lang='lat' dir='ltr'><strong>creatore</strong></span> <span class='ocrx_word' id='word_1_216' title='bbox 1191 3095 1296 3159; x_wconf 81' lang='lat' dir='ltr'><strong>defen-</strong></span> 
     </span>
     <span class='ocr_line' id='line_1_26' title="bbox 97 3202 1296 3286; baseline -0.005 -17"><span class='ocrx_word' id='word_1_217' title='bbox 97 3220 127 3261; x_wconf 71' lang='lat'><strong>25</strong></span> <span class='ocrx_word' id='word_1_218' title='bbox 146 3203 232 3281; x_wconf 88' lang='lat' dir='ltr'><strong>dere,</strong></span> <span class='ocrx_word' id='word_1_219' title='bbox 248 3207 375 3286; x_wconf 89' lang='lat' dir='ltr'><strong>quaein</strong></span> <span class='ocrx_word' id='word_1_220' title='bbox 390 3205 523 3270; x_wconf 90' lang='lat' dir='ltr'><strong>dubium</strong></span> <span class='ocrx_word' id='word_1_221' title='bbox 542 3212 706 3282; x_wconf 87' lang='lat' dir='ltr'><strong>uocantur,</strong></span> <span class='ocrx_word' id='word_1_222' title='bbox 723 3206 897 3271; x_wconf 88' lang='lat' dir='ltr'><strong>bonitatem</strong></span> <span class='ocrx_word' id='word_1_223' title='bbox 914 3205 983 3268; x_wconf 90' lang='lat' dir='ltr'><strong>dico</strong></span> <span class='ocrx_word' id='word_1_224' title='bbox 1004 3207 1036 3267; x_wconf 92' lang='lat' dir='ltr'><strong>et</strong></span> <span class='ocrx_word' id='word_1_225' title='bbox 1054 3202 1296 3286; x_wconf 86' lang='lat' dir='ltr'><strong>praescientiam</strong></span> 
     </span>
     <span class='ocr_line' id='line_1_27' title="bbox 145 3307 1297 3393; baseline -0.003 -19"><span class='ocrx_word' id='word_1_226' title='bbox 145 3313 180 3374; x_wconf 91' lang='lat' dir='ltr'><strong>et</strong></span> <span class='ocrx_word' id='word_1_227' title='bbox 202 3313 388 3393; x_wconf 91' lang='lat' dir='ltr'><strong>potentiam.</strong></span> <span class='ocrx_word' id='word_1_228' title='bbox 432 3332 489 3378; x_wconf 88' lang='lat' dir='ltr'><strong>nec</strong></span> <span class='ocrx_word' id='word_1_229' title='bbox 512 3313 705 3378; x_wconf 89' lang='lat' dir='ltr'><strong>immorabor</strong></span> <span class='ocrx_word' id='word_1_230' title='bbox 727 3313 802 3377; x_wconf 90' lang='lat' dir='ltr'><strong>huic</strong></span> <span class='ocrx_word' id='word_1_231' title='bbox 827 3312 971 3384; x_wconf 88' lang='lat' dir='ltr'><strong>articulo,</strong></span> <span class='ocrx_word' id='word_1_232' title='bbox 996 3313 1165 3393; x_wconf 88' lang='lat' dir='ltr'><strong>praeeunte</strong></span> <span class='ocrx_word' id='word_1_233' title='bbox 1190 3307 1297 3372; x_wconf 90' lang='lat' dir='ltr'><strong>defini-</strong></span> 
     </span>
     <span class='ocr_line' id='line_1_28' title="bbox 144 3414 1295 3502; baseline -0.003 -22"><span class='ocrx_word' id='word_1_234' title='bbox 144 3416 234 3481; x_wconf 89' lang='lat' dir='ltr'><strong>tione</strong></span> <span class='ocrx_word' id='word_1_235' title='bbox 261 3419 359 3482; x_wconf 89' lang='lat' dir='ltr'><strong>etiam</strong></span> <span class='ocrx_word' id='word_1_236' title='bbox 385 3419 488 3501; x_wconf 91' lang='lat' dir='ltr'><strong>ipsius</strong></span> <span class='ocrx_word' id='word_1_237' title='bbox 517 3419 637 3485; x_wconf 81' lang='lat' dir='ltr'><strong>Christi</strong></span> <span class='ocrx_word' id='word_1_238' title='bbox 665 3439 700 3483; x_wconf 85' lang='lat' dir='ltr'><strong>er</strong></span> <span class='ocrx_word' id='word_1_239' title='bbox 729 3419 876 3502; x_wconf 86' lang='lat' dir='ltr'><strong>operibus</strong></span> <span class='ocrx_word' id='word_1_240' title='bbox 905 3417 1059 3482; x_wconf 89' lang='lat' dir='ltr'><strong>ineundae</strong></span> <span class='ocrx_word' id='word_1_241' title='bbox 1089 3414 1295 3497; x_wconf 84' lang='lat' dir='ltr'><strong>probationis.</strong></span> 
     </span>
     <span class='ocr_line' id='line_1_29' title="bbox 144 3523 1296 3609; baseline -0.004 -21"><span class='ocrx_word' id='word_1_242' title='bbox 144 3543 242 3606; x_wconf 90' lang='lat' dir='ltr'><strong>opera</strong></span> <span class='ocrx_word' id='word_1_243' title='bbox 269 3525 420 3590; x_wconf 88' lang='lat' dir='ltr'><strong>creatoris</strong></span> <span class='ocrx_word' id='word_1_244' title='bbox 448 3530 620 3609; x_wconf 89' lang='lat' dir='ltr'><strong>utrumque</strong></span> <span class='ocrx_word' id='word_1_245' title='bbox 648 3530 816 3600; x_wconf 88' lang='lat' dir='ltr'><strong>testantur,</strong></span> <span class='ocrx_word' id='word_1_246' title='bbox 851 3530 883 3590; x_wconf 89' lang='lat' dir='ltr'><strong>et</strong></span> <span class='ocrx_word' id='word_1_247' title='bbox 911 3525 1085 3590; x_wconf 90' lang='lat' dir='ltr'><strong>bonitatem</strong></span> <span class='ocrx_word' id='word_1_248' title='bbox 1119 3523 1199 3598; x_wconf 88' lang='lat' dir='ltr'><strong>eius,</strong></span> <span class='ocrx_word' id='word_1_249' title='bbox 1233 3539 1296 3602; x_wconf 89' lang='lat' dir='ltr'><strong>qua</strong></span> 
     </span>
     <span class='ocr_line' id='line_1_30' title="bbox 144 3628 1295 3715; baseline -0.004 -21"><span class='ocrx_word' id='word_1_250' title='bbox 144 3631 239 3706; x_wconf 89' lang='lat' dir='ltr'><strong>bona,</strong></span> <span class='ocrx_word' id='word_1_251' title='bbox 268 3632 355 3696; x_wconf 89' lang='lat' dir='ltr'><strong>sicut</strong></span> <span class='ocrx_word' id='word_1_252' title='bbox 377 3633 586 3706; x_wconf 89' lang='lat' dir='ltr'><strong>ostendimus,</strong></span> <span class='ocrx_word' id='word_1_253' title='bbox 615 3637 647 3696; x_wconf 93' lang='lat' dir='ltr'><strong>et</strong></span> <span class='ocrx_word' id='word_1_254' title='bbox 674 3633 860 3715; x_wconf 89' lang='lat' dir='ltr'><strong>potentiam,</strong></span> <span class='ocrx_word' id='word_1_255' title='bbox 890 3652 953 3714; x_wconf 93' lang='lat' dir='ltr'><strong>qna</strong></span> <span class='ocrx_word' id='word_1_256' title='bbox 980 3635 1077 3704; x_wconf 87' lang='lat' dir='ltr'><strong>tanta,</strong></span> <span class='ocrx_word' id='word_1_257' title='bbox 1108 3633 1140 3693; x_wconf 89' lang='lat' dir='ltr'><strong>et</strong></span> <span class='ocrx_word' id='word_1_258' title='bbox 1168 3628 1295 3710; x_wconf 85' lang='lat' dir='ltr'><strong>quidem</strong></span> 
     </span>
     <span class='ocr_line' id='line_1_31' title="bbox 97 3736 1296 3822; baseline -0.003 -22"><span class='ocrx_word' id='word_1_259' title='bbox 97 3753 127 3793; x_wconf 71' lang='grc' dir='ltr'><strong>ω</strong></span> <span class='ocrx_word' id='word_1_260' title='bbox 146 3756 183 3800; x_wconf 85' lang='lat' dir='ltr'><strong>ex</strong></span> <span class='ocrx_word' id='word_1_261' title='bbox 211 3737 323 3803; x_wconf 86' lang='lat' dir='ltr'><strong>nihilo.</strong></span> <span class='ocrx_word' id='word_1_262' title='bbox 361 3757 433 3803; x_wconf 89' lang='lat' dir='ltr'><strong>nam</strong></span> <span class='ocrx_word' id='word_1_263' title='bbox 461 3745 494 3803; x_wconf 90' lang='lat' dir='ltr'><strong>et</strong></span> <span class='ocrx_word' id='word_1_264' title='bbox 521 3741 549 3804; x_wconf 87' lang='lat' dir='ltr'><strong>si</strong></span> <span class='ocrx_word' id='word_1_265' title='bbox 576 3759 613 3804; x_wconf 85' lang='lat' dir='ltr'><strong>er</strong></span> <span class='ocrx_word' id='word_1_266' title='bbox 641 3739 748 3822; x_wconf 86' lang='lat' dir='ltr'><strong>aliqua</strong></span> <span class='ocrx_word' id='word_1_267' title='bbox 774 3739 917 3814; x_wconf 87' lang='lat' dir='ltr'><strong>materia,</strong></span> <span class='ocrx_word' id='word_1_268' title='bbox 954 3741 988 3800; x_wconf 91' lang='lat' dir='ltr'><strong>ut</strong></span> <span class='ocrx_word' id='word_1_269' title='bbox 1016 3736 1144 3819; x_wconf 90' lang='lat' dir='ltr'><strong>quidam</strong></span> <span class='ocrx_word' id='word_1_270' title='bbox 1174 3736 1296 3812; x_wconf 73' lang='lat' dir='ltr'><strong>uolunt,</strong></span> 
     </span>
    </p>
   </div>
   <div class='ocr_carea' id='block_1_3' title="bbox 238 3946 991 4018">
    <p class='ocr_par' dir='ltr' id='par_1_3' title="bbox 238 3946 991 4018">
     <span class='ocr_line' id='line_1_32' title="bbox 238 3946 991 4018; baseline -0.001 -18"><span class='ocrx_word' id='word_1_271' title='bbox 238 3947 283 4015; x_wconf 77' lang='grc' dir='ltr'><strong>ιο]</strong></span> <span class='ocrx_word' id='word_1_272' title='bbox 305 3946 337 4000; x_wconf 78' lang='lat' dir='ltr'><strong>er.</strong></span> <span class='ocrx_word' id='word_1_273' title='bbox 358 3948 441 4016; x_wconf 70' lang='lat' dir='ltr'><strong>apoc.</strong></span> <span class='ocrx_word' id='word_1_274' title='bbox 462 3948 505 4015; x_wconf 86' lang='lat'><strong>22,</strong></span> <span class='ocrx_word' id='word_1_275' title='bbox 526 3950 568 4002; x_wconf 72' lang='lat'><strong>15.</strong></span> <span class='ocrx_word' id='word_1_276' title='bbox 624 3949 670 4018; x_wconf 82' lang='lat'><strong>27]</strong></span> <span class='ocrx_word' id='word_1_277' title='bbox 691 3950 722 4001; x_wconf 75' lang='lat' dir='ltr'><strong>cr.</strong></span> <span class='ocrx_word' id='word_1_278' title='bbox 742 3949 801 4001; x_wconf 88' lang='lat' dir='ltr'><strong>Ioh.</strong></span> <span class='ocrx_word' id='word_1_279' title='bbox 824 3947 865 4016; x_wconf 89' lang='lat'><strong>10,</strong></span> <span class='ocrx_word' id='word_1_280' title='bbox 886 3949 928 4002; x_wconf 81' lang='lat'><strong>25.</strong></span> <span class='ocrx_word' id='word_1_281' title='bbox 948 3947 991 4000; x_wconf 84' lang='lat' dir='ltr'><strong>aa.</strong></span> 
     </span>
    </p>
   </div>
   <div class='ocr_carea' id='block_1_4' title="bbox 144 4067 1295 4408">
    <p class='ocr_par' dir='ltr' id='par_1_4' title="bbox 144 4067 1295 4408">
     <span class='ocr_line' id='line_1_33' title="bbox 182 4067 1294 4140; baseline -0.004 -16"><span class='ocrx_word' id='word_1_282' title='bbox 182 4070 200 4124; x_wconf 93' lang='lat'>8</span> <span class='ocrx_word' id='word_1_283' title='bbox 219 4071 480 4139; x_wconf 86' lang='lat' dir='ltr'><strong>praemonitionibus</strong></span> <span class='ocrx_word' id='word_1_284' title='bbox 498 4071 564 4126; x_wconf 74' lang='lat' dir='ltr'><strong>Get.-</strong></span> <span class='ocrx_word' id='word_1_285' title='bbox 582 4071 846 4140; x_wconf 88' lang='lat' dir='ltr'><strong>praemunitionibus</strong></span> <span class='ocrx_word' id='word_1_286' title='bbox 862 4071 923 4124; x_wconf 75' lang='lat' dir='ltr'><strong>MR</strong></span> <span class='ocrx_word' id='word_1_287' title='bbox 975 4069 1008 4122; x_wconf 91' lang='lat'><strong>10</strong></span> <span class='ocrx_word' id='word_1_288' title='bbox 1021 4067 1140 4122; x_wconf 90' lang='lat' dir='ltr'><strong>hominis</strong></span> <span class='ocrx_word' id='word_1_289' title='bbox 1157 4067 1223 4133; x_wconf 78' lang='lat' dir='ltr'><strong>sort.</strong></span> <span class='ocrx_word' id='word_1_290' title='bbox 1279 4084 1294 4119; x_wconf 92' lang='lat' dir='ltr'><strong>o</strong></span> 
     </span>
     <span class='ocr_line' id='line_1_34' title="bbox 145 4155 1295 4228; baseline -0.006 -14"><span class='ocrx_word' id='word_1_291' title='bbox 145 4177 227 4214; x_wconf 85' lang='lat' dir='ltr'><strong>canes</strong></span> <span class='ocrx_word' id='word_1_292' title='bbox 244 4159 329 4226; x_wconf 66' lang='lat' dir='ltr'><strong>affl,</strong></span> <span class='ocrx_word' id='word_1_293' title='bbox 348 4177 428 4214; x_wconf 85' lang='lat' dir='ltr'><strong>canes</strong></span> <span class='ocrx_word' id='word_1_294' title='bbox 441 4159 482 4214; x_wconf 76' lang='lat' dir='ltr'><strong>R¹</strong></span> <span class='ocrx_word' id='word_1_295' title='bbox 528 4162 561 4213; x_wconf 84' lang='lat'><strong>12</strong></span> <span class='ocrx_word' id='word_1_296' title='bbox 581 4160 721 4214; x_wconf 89' lang='lat' dir='ltr'><strong>obroditis.</strong></span> <span class='ocrx_word' id='word_1_297' title='bbox 741 4162 765 4212; x_wconf 88' lang='lat' dir='ltr'><strong>si</strong></span> <span class='ocrx_word' id='word_1_298' title='bbox 783 4161 868 4228; x_wconf 76' lang='lat' dir='ltr'><strong>ueclpo</strong></span> <span class='ocrx_word' id='word_1_299' title='bbox 916 4160 948 4213; x_wconf 92' lang='grc'><strong>16</strong></span> <span class='ocrx_word' id='word_1_300' title='bbox 968 4163 989 4212; x_wconf 88' lang='lat' dir='ltr'><strong>si</strong></span> <span class='ocrx_word' id='word_1_301' title='bbox 1004 4159 1118 4225; x_wconf 84' lang='lat' dir='ltr'><strong>&lt;esset&gt;</strong></span> <span class='ocrx_word' id='word_1_302' title='bbox 1138 4156 1207 4208; x_wconf 80' lang='lat' dir='ltr'><strong>eninr</strong></span> <span class='ocrx_word' id='word_1_303' title='bbox 1222 4155 1295 4222; x_wconf 77' lang='lat' dir='ltr'><strong>fort.</strong></span> 
     </span>
     <span class='ocr_line' id='line_1_35' title="bbox 144 4244 1295 4320; baseline -0.007 -16"><span class='ocrx_word' id='word_1_304' title='bbox 144 4251 181 4304; x_wconf 81' lang='grc'><strong>23</strong></span> <span class='ocrx_word' id='word_1_305' title='bbox 209 4251 275 4320; x_wconf 89' lang='lat' dir='ltr'><strong>qnia</strong></span> <span class='ocrx_word' id='word_1_306' title='bbox 302 4251 404 4306; x_wconf 85' lang='lat' dir='ltr'><strong>euenit.</strong></span> <span class='ocrx_word' id='word_1_307' title='bbox 431 4248 493 4303; x_wconf 88' lang='lat' dir='ltr'><strong>ideo</strong></span> <span class='ocrx_word' id='word_1_308' title='bbox 514 4252 586 4317; x_wconf 80' lang='lat' dir='ltr'><strong>sort.</strong></span> <span class='ocrx_word' id='word_1_309' title='bbox 660 4251 753 4302; x_wconf 80' lang='lat' dir='ltr'><strong>euenit</strong></span> <span class='ocrx_word' id='word_1_310' title='bbox 780 4248 863 4317; x_wconf 67' lang='lat' dir='ltr'><strong>Mau,</strong></span> <span class='ocrx_word' id='word_1_311' title='bbox 892 4250 968 4302; x_wconf 87' lang='lat' dir='ltr'><strong>uenit</strong></span> <span class='ocrx_word' id='word_1_312' title='bbox 986 4248 1024 4302; x_wconf 85' lang='lat' dir='ltr'><strong>R¹</strong></span> <span class='ocrx_word' id='word_1_313' title='bbox 1080 4244 1295 4300; x_wconf 67' lang='lat' dir='ltr'><strong>alernatim</strong></span> 
     </span>
     <span class='ocr_line' id='line_1_36' title="bbox 144 4337 1242 4408; baseline -0.004 -15"><span class='ocrx_word' id='word_1_314' title='bbox 144 4340 230 4408; x_wconf 68' lang='lat' dir='ltr'><strong>culpo</strong></span> <span class='ocrx_word' id='word_1_315' title='bbox 303 4338 472 4408; x_wconf 87' lang='lat' dir='ltr'><strong>probationis</strong></span> <span class='ocrx_word' id='word_1_316' title='bbox 490 4337 573 4402; x_wconf 81' lang='lat' dir='ltr'><strong>MR²,</strong></span> <span class='ocrx_word' id='word_1_317' title='bbox 593 4337 768 4408; x_wconf 87' lang='lat' dir='ltr'><strong>probationes</strong></span> <span class='ocrx_word' id='word_1_318' title='bbox 786 4337 827 4391; x_wconf 67' lang='lat'><strong>13³</strong></span> <span class='ocrx_word' id='word_1_319' title='bbox 836 4338 920 4408; x_wconf 75' lang='lat' dir='ltr'><strong>uulgo</strong></span> <span class='ocrx_word' id='word_1_320' title='bbox 1240 4343 1242 4348; x_wconf 90' lang='lat'>&#39;</span> 
     </span>
    </p>
   </div>
   <div class='ocr_carea' id='block_1_5' title="bbox 1206 4438 1258 4491">
    <p class='ocr_par' dir='ltr' id='par_1_5' title="bbox 1206 4438 1258 4491">
     <span class='ocr_line' id='line_1_37' title="bbox 1206 4438 1258 4491; baseline 0 0"><span class='ocrx_word' id='word_1_321' title='bbox 1206 4438 1258 4491; x_wconf 80' lang='lat'><strong>22*</strong></span> 
     </span>
    </p>
   </div>
   <div class='ocr_carea' id='block_1_6' title="bbox 0 0 1630 4959">
    <p class='ocr_par' dir='ltr' id='par_1_6' title="bbox 0 0 1630 4959">
     <span class='ocr_line' id='line_1_38' title="bbox 0 0 1630 4959; baseline 0 1"><span class='ocrx_word' id='word_1_322' title='bbox 0 0 1630 4959; x_wconf 95' lang='lat' dir='ltr'><strong> </strong></span> 
     </span>
    </p>
   </div>
  </div>
 </body>
</html>
