3250 4959
434 416 470 470 11.
489 416 536 471 De
555 416 673 473 Carnis
692 416 952 472 Resurrectione
973 416 1087 471 14-16.
1290 421 1332 483 45

181 611 294 693 adhuc,
318 632 355 677 an
389 612 550 696 cogitatus
583 630 708 696 quoquc
737 631 793 695 per
825 632 950 678 carnem
978 613 1249 691 administrantur,
1277 611 1333 696 qui

180 737 238 801 per
269 738 393 783 carnem
426 719 633 785 dinoscuntur
664 720 868 785 extrinsecus.
903 720 1030 785 uolutet
1061 720 1181 801 aliquid
1212 720 1331 785 anima:

180 826 293 890 uultus
322 828 471 907 operatur
492 825 657 903 indicium,
685 826 784 891 facies
811 826 1023 891 intentionum
1052 826 1192 891 omnium
1221 844 1332 909 specu-

178 934 247 997 lum
272 936 331 997 est.
356 935 473 1016 negent
494 932 651 999 factorum
680 934 867 999 societatem
892 934 943 997 cui
967 952 1082 1018 negare
1110 951 1171 997 non
1194 934 1332 1015 possunt

146 1040 404 1123 scogitatorum.
436 1042 469 1103 et
498 1040 548 1103 illi
581 1040 709 1123 quidem
736 1040 969 1122 delinquentias
998 1040 1099 1105 camis
1131 1043 1330 1104 enumerant:

178 1164 255 1229 ergo
288 1145 447 1228 peccatrix
479 1146 640 1211 tenebitur
672 1146 838 1230 supplicio.
868 1165 928 1211 noe
955 1164 1032 1211 uero
1064 1145 1161 1210 etiam
1193 1146 1330 1210 uirtutes

178 1252 282 1318 camis
311 1254 517 1337 opponimus:
550 1272 625 1339 ergo
658 1256 691 1318 et
716 1254 796 1319 bene
825 1256 954 1335 operata
985 1252 1147 1318 tenebitur
1178 1254 1329 1336 praemio.

179 1362 213 1425 et
243 1358 273 1424 si
308 1360 414 1425 anima
446 1363 505 1437 est,
545 1379 624 1443 qnae
661 1360 729 1445 agit
760 1363 793 1425 et
828 1360 967 1442 impellit
1003 1360 1036 1423 in
1070 1360 1184 1438 omnia,
1222 1359 1327 1424 camis

179 1466 369 1550 obsequium
402 1470 461 1532 est.
490 1466 583 1532 deum
612 1486 674 1531 nou
701 1466 780 1531 licet
806 1469 863 1531 aut
887 1466 1044 1531 iniustum
1077 1466 1215 1531 indicem
1244 1466 1328 1530 credi

129 1590 161 1633 ιο
179 1577 237 1638 aut
258 1574 407 1649 inertem3
431 1573 599 1653 iniustum,
623 1574 651 1639 si
670 1574 788 1639 sociam
812 1574 968 1639 bonorum
993 1591 1124 1657 operum
1144 1592 1161 1637 a
1179 1572 1329 1656 praemiis

178 1684 294 1757 arceat,
330 1681 476 1759 inertem,
510 1681 538 1745 si
574 1681 694 1746 sociam
731 1680 888 1745 mulorum
923 1700 941 1745 a
973 1680 1141 1765 suppliciis
1173 1683 1326 1767 secemat

178 1806 253 1855 cum
272 1787 408 1852 humana
433 1806 566 1853 censura
589 1806 625 1852 eo
648 1788 819 1871 perfectior
840 1787 1005 1865 habeatur,
1030 1806 1092 1869 qno
1116 1788 1211 1851 etiam
1235 1787 1328 1851 mini-

178 1898 263 1960 stros
285 1894 362 1959 iacti
385 1894 542 1977 cuiusque
566 1894 720 1977 deposcit,
749 1912 806 1958 nco
834 1912 966 1975 parcens
990 1912 1047 1959 nec
1075 1892 1221 1958 inuidens
1249 1893 1325 1964 illis,

179 2002 350 2083 quominus
382 2019 455 2065 cum
488 2000 672 2066 auctoribus
704 2004 760 2066 aut
792 2019 910 2085 poenae
948 2003 1005 2065 aut
1041 2000 1161 2083 gratiae
1185 2017 1327 2064 commu-

132 2116 161 2157 ¹⁶
178 2107 288 2172 nicent
313 2108 462 2173 fructum.

225 2216 277 2279 16.
302 2213 365 2280 Sed
388 2233 461 2279 cum
485 2214 652 2297 imperium
677 2214 808 2289 animae,
834 2213 1024 2296 obsequium
1053 2213 1138 2278 carni
1162 2213 1326 2278 distribui·

177 2340 262 2397 mus,
289 2320 547 2403 prospiciendum
575 2323 634 2399 eat,
667 2340 706 2385 ue
730 2324 763 2385 et
786 2320 845 2385 hoc
869 2321 931 2385 alia
954 2319 1228 2405 argumentatione
1251 2319 1325 2383 sub·

179 2430 315 2505 nument,
343 2432 381 2491 ut
409 2427 511 2491 uelint
538 2445 662 2492 carnem
690 2446 782 2491 secus
810 2428 843 2491 in
873 2426 978 2492 officio
1006 2426 1129 2491 animae
1162 2425 1328 2501 collocare,

179 2552 239 2598 non
265 2534 357 2616 quasi
380 2534 570 2612 ministram,
596 2552 634 2598 ne
658 2535 828 2599 atrociam
849 2530 1331 2617 coganturagnoscere.dicent

133 2652 163 2695 ω
180 2641 264 2705 euim
288 2640 451 2705 ministros
480 2643 513 2704 et
540 2641 645 2706 socios
672 2640 787 2705 habere
816 2640 982 2705 arbitrium
1010 2638 1210 2704 ministrandi
1233 2642 1329 2720 atque

180 2747 320 2812 sociandi
345 2749 378 2811 et
398 2748 591 2830 potestatem
615 2766 692 2811 suae
715 2746 892 2811 uoluntatis
915 2746 948 2810 in
972 2748 1155 2827 utrumque,
1183 2744 1329 2808 homines

180 2854 305 2919 scilicet
327 2852 619 2936 etipsos;idci1·cc
644 2872 716 2918 oum
740 2853 923 2918 auctoribus
951 2852 1066 2916 merita
1085 2850 1329 2926 communicare,

180 2960 296 3043 quibus
335 2978 461 3041 operam
494 2963 608 3043 sponte
643 2959 927 3023 accommodarint:
957 2977 1081 3023 carnem
1110 2962 1216 3022 autem
1249 2956 1329 3021 nihil

180 3065 458 3149 sapientemnihil
473 3066 662 3131 sentientem
677 3066 963 3147 persemetipsum,
981 3084 1043 3129 non
1063 3064 1147 3128 nesse
1165 3080 1226 3127 non
1245 3062 1330 3128 nolle

135 3184 164 3227 ὓ
181 3173 219 3237 de
251 3192 309 3238 eno
336 3173 517 3249 habentem,
546 3172 616 3237 uice
649 3172 756 3255 potine
789 3172 915 3237 uasculi
952 3190 1101 3254 apparere
1132 3170 1265 3249 animae,
1292 3174 1331 3233 ut

180 3280 437 3355 instmmcntnm,
469 3298 531 3344 non
563 3282 601 3345 ut
631 3279 857 3344 ministerium.
884 3278 994 3359 itaque
1026 3279 1149 3342 animae
1177 3278 1199 3358 †
1227 3276 1330 3341 solius

180 3386 335 3451 iudicium
358 3386 547 3470 praesidere,
572 3387 708 3469 qualiter
726 3404 786 3450 usa
805 3386 848 3450 sit
866 3385 999 3451 uasculo
1024 3386 1137 3457 camis,
1161 3383 1330 3448 uasculum

180 3512 256 3559 uero
279 3492 386 3576 ipsum
414 3512 476 3559 non
505 3511 576 3559 esse
604 3493 778 3558 sententiae
803 3492 984 3568 obnoxium,
1012 3491 1087 3574 quia
1114 3510 1171 3555 nec
1198 3489 1329 3554 calicem

182 3598 332 3677 munnam,
372 3599 400 3663 si
432 3598 504 3681 quis
541 3618 614 3664 eum
646 3617 767 3663 ueneno
799 3599 996 3681 temperarit,
1029 3616 1089 3662 nec
1117 3596 1259 3681 gladium
1290 3595 1329 3659 ad

217 3790 231 3842 1
251 3789 477 3843 administrantur
491 3788 588 3857 PMF,
607 3788 831 3843 administrentur
847 3788 900 3843 (aar
954 3789 989 3843 12
1007 3804 1060 3857 quo
1074 3786 1170 3851 PMF,
1190 3785 1262 3856 quod
1279 3785 1331 3841 Gal

184 3876 215 3933 17
235 3874 725 3932 ethocNPumretexhocPMF
776 3878 810 3931 18
829 3893 908 3931 eccas
921 3878 1034 3946 amirei:
1052 3878 1091 3930 sic
1104 3876 1196 3931 PMF
1248 3876 1282 3929 19
1295 3892 1329 3928 ne

183 3969 210 4019 et
227 3966 324 4031 PMF,
343 3982 377 4019 ne
397 3982 428 4019 ex
446 3966 499 4020 hoc
520 3966 544 4020 0
600 3966 632 4019 21
652 3966 777 4020 homines
796 3966 901 4020 scilicet
920 3970 949 4020 et
966 3968 1053 4035 ipsos:
1071 3966 1209 4035 intellepe:
1227 3980 1287 4019 acm
1305 3969 1331 4017 ct

181 4056 235 4123 ipri
253 4058 300 4121 (ac.
316 4055 450 4122 marem)
468 4054 666 4109 nechemiae
718 4055 753 4109 23
772 4054 1003 4109 accommodarlnt
1015 4054 1111 4119 PMF,
1126 4052 1331 4108 accommodant

185 4142 235 4199 uer
287 4144 324 4198 26
337 4144 444 4197 animae
462 4144 513 4197 soli
531 4142 712 4213 iudio<endae
731 4142 852 4196 diuinum
872 4143 1021 4212 iudic>inm
1035 4143 1189 4214 praesidere
1198 4143 1267 4211 fort.
1281 4141 1329 4211 (cpi.

184 4234 229 4293 43,
248 4233 302 4299 19),
323 4232 428 4285 animae
448 4232 532 4285 solius
550 4232 652 4287 indicio
669 4231 832 4301 <indioe>m
851 4232 1005 4301 praesidere
1024 4231 1089 4302 Eup
1155 4231 1190 4285 29
1208 4228 1330 4283 damnari

181 4318 278 4388 PMF,
298 4318 434 4374 damneris
460 4320 512 4375 θεῖ
