3250 4959
511 337 558 391 Vl.
577 336 745 391 Aduersus
762 338 910 392 Praxean
929 340 1009 394 2-3.
1267 341 1329 403 231

168 538 261 617 quia
288 535 384 599 unius
413 534 466 610 sit,
494 553 577 611 sirm,
611 533 703 598 cuius
733 533 784 611 sit,
815 536 871 598 aut
902 533 1004 599 filium
1037 553 1098 597 non
1131 533 1244 597 habere
1277 538 1332 597 aot

167 643 291 725 ipsum
319 661 354 706 se
383 642 445 707 sibi
471 641 573 704 lilium
602 641 716 705 fecisse
745 646 801 705 aut
828 640 1042 707 monarchiam
1071 660 1162 705 suam
1189 658 1249 705 non
1278 658 1333 721 per

170 768 266 829 quos
289 748 371 813 uelit
393 747 621 812 administrare.
646 747 756 830 atquin
778 748 899 812 nullam
924 746 993 811 dico
1019 746 1264 811 dominationem
1286 746 1331 809 ita

171 857 280 921 eunius
305 856 355 920 sui
378 873 460 931 esse,
482 855 529 919 ite
551 854 754 939 singularem,
777 856 824 920 ita
847 854 1070 929 monarchiam,
1094 858 1132 917 ut
1154 872 1215 917 non
1235 853 1331 917 etiam

132 981 239 1042 sper
263 962 342 1025 alias
364 961 522 1045 proximas
552 980 701 1045 personas
726 960 976 1039 administretur,
1005 980 1084 1043 quas
1111 960 1182 1042 ipsa
1204 979 1330 1042 prospe-

169 1068 264 1131 xerit
288 1066 441 1131 officiales
460 1066 532 1131 sibi.
557 1066 584 1131 si
603 1086 679 1131 uero
699 1070 732 1131 et
748 1066 836 1130 filius
855 1066 952 1131 fuerit
975 1066 1014 1143 oi,
1039 1065 1130 1131 cuius
1150 1065 1332 1130 monarchia

171 1174 236 1249 sit,
262 1192 324 1238 non
348 1173 457 1237 statim
488 1172 589 1238 diuidi
617 1192 687 1238 eam
715 1175 759 1237 et.
775 1173 990 1237 monarchiam
1020 1192 1090 1237 esse
1118 1172 1271 1250 desinere,
1304 1172 1330 1237 si

169 1280 342 1363 particeps
375 1280 444 1345 eius
476 1280 664 1345 adsumatur
695 1285 727 1344 et
758 1280 853 1359 filine,
891 1279 946 1344 sed
977 1279 1107 1363 proinde
1139 1277 1228 1343 illius
1261 1296 1331 1343 esse

170 1386 409 1469 principaliter,
438 1407 457 1451 a
485 1392 550 1469 quo'
576 1387 828 1452 communicat-ur
858 1387 890 1450 in
923 1386 1035 1465 filium,
1070 1390 1103 1450 et
1135 1386 1210 1449 dum
1241 1385 1330 1450 illius

121 1523 151 1558 lo
172 1498 243 1569 est,
275 1494 407 1575 proinde
437 1493 652 1558 monarchiam
689 1512 770 1571 esse,
808 1512 889 1576 quae
922 1513 940 1558 a
972 1492 1097 1557 duobus
1133 1496 1199 1555 tam
1233 1492 1330 1555 unitis

173 1602 370 1665 continetur.
398 1601 498 1685 igitur·
524 1601 552 1665 si
577 1606 609 1665 et
631 1600 814 1665 monarchia
843 1600 950 1665 diuina
973 1620 1029 1683 per
1057 1604 1105 1664 tot
1131 1598 1274 1683 legiones
1299 1604 1330 1665 et

173 1708 339 1772 exercitus
359 1709 544 1792 angelorum
562 1707 812 1783 administratur,
836 1706 922 1771 sicut
941 1706 1095 1789 scriptum
1115 1709 1177 1771 est:
1202 1706 1329 1771 milies

175 1815 328 1880 centies
349 1818 505 1879 centena
523 1814 630 1879 milia
649 1814 892 1879 adsistebant
911 1814 954 1891 ei,
975 1818 1011 1879 et
1029 1814 1154 1877 milies
1171 1816 1329 1877 centena

174 1922 290 1986 milia
312 1922 543 2003 apparebant
565 1921 608 1999 ei,
632 1940 691 1985 nec
709 1921 780 1986 ideo
799 1920 895 1985 unius
921 1940 991 1985 esse
1017 1919 1121 1996 desiit,
1145 1922 1182 1984 ut
1206 1918 1330 1983 desinat

141 2028 366 2093 sirionarchia
393 2048 473 2105 esse,
507 2028 582 2110 quia
608 2047 664 2109 per
696 2032 784 2093 tauta
817 2028 904 2091 milia
938 2028 1094 2091 uirtutum
1127 2030 1330 2107 procuratur:

176 2134 275 2216 quale
301 2136 359 2211 est,
386 2139 424 2199 ut
447 2132 525 2200 deus
554 2133 744 2199 diuisionem
774 2138 807 2199 et
830 2134 1061 2215 dispersionem
1089 2134 1154 2216 pati
1182 2132 1330 2197 uideatur

174 2244 209 2304 in
246 2240 313 2304 filio
347 2244 379 2305 et
408 2241 441 2305 in
474 2241 589 2323 spiritu
622 2244 742 2318 sancto,
775 2240 947 2305 secundum
982 2244 1014 2305 et
1045 2240 1175 2304 tertium
1208 2240 1329 2305 sortitis

174 2350 299 2422 locum,
326 2352 393 2411 tam
420 2348 622 2413 consortibus
651 2348 849 2411 substantiae
878 2347 986 2431 patris,
1014 2366 1093 2429 quas
1121 2365 1181 2412 non
1210 2346 1331 2429 patitur

174 2455 209 2517 in
231 2456 283 2517 tot
301 2455 483 2539 angelorum
502 2473 644 2531 numero,
660 2457 692 2517 et
706 2452 835 2535 quidem
849 2456 915 2516 tam
930 2453 1135 2537 (alienorum)
1150 2472 1168 2516 a
1182 2454 1329 2517 substau-

125 2591 153 2626 ψ
174 2562 226 2625 tia
249 2560 370 2643 patris?
398 2561 539 2625 membra
562 2563 594 2624 et
616 2560 749 2643 pignora
777 2564 809 2625 et
833 2560 1044 2625 instrumenta
1071 2563 1103 2623 et
1130 2560 1232 2641 ipsam
1261 2561 1328 2624 uim

175 2659 220 2732 ac
241 2670 346 2732 totum
375 2686 505 2732 censum
533 2666 734 2732 monarchiae
764 2668 962 2733 euersioneur
990 2667 1124 2751 deputas
1149 2669 1239 2732 eius?
1267 2688 1327 2733 noa

173 2779 275 2839 recte.
298 2775 382 2839 malo
405 2779 438 2839 te
462 2775 649 2839 adsensum
672 2776 717 2839 rei
746 2794 841 2855 quam
865 2773 905 2837 ad
929 2794 1042 2839 sonum
1072 2775 1222 2840 uocabuli
1245 2794 1328 2839 erer-

175 2900 265 2947 ceas.
290 2881 413 2946 euersio
437 2882 521 2946 enim
544 2882 745 2946 monarchiae
769 2882 825 2946 illa
848 2882 980 2946 esttibi
1003 2881 1225 2965 intellegenda,
1255 2901 1326 2947 curn

174 2989 244 3053 alia
268 2988 439 3053 dominatio
468 3006 543 3053 suae
572 2987 767 3053 condicionis
795 2991 828 3052 et
856 2988 974 3071 proprii
998 2991 1103 3052 status
1131 3006 1167 3051 ac
1190 3008 1246 3070 per
1268 2988 1328 3053 hoc

126 3123 153 3161 aa
175 3094 308 3159 aemula
331 3094 564 3178 superducitur,
588 3114 661 3159 cum
685 3096 767 3160 alias
796 3094 875 3159 deus
904 3094 1038 3158 infertur
1065 3094 1219 3161 aduersus
1244 3114 1327 3160 crea-

174 3202 322 3282 torem,†
332 3205 407 3266 tunc
418 3201 510 3279 male,
524 3221 596 3266 cum
607 3202 724 3284 plures,
736 3202 911 3265 secundum
922 3200 1107 3266 Valentinos
1119 3206 1150 3264 et
1160 3200 1326 3275 Prodicos;

175 3317 256 3373 tunc
270 3309 301 3372 in
316 3308 515 3372 monarchiae
534 3309 743 3386 mersionem,
759 3328 832 3375 cum
847 3308 879 3372 in
900 3308 1050 3372 creatoris
1066 3306 1326 3372 destructionem.

271 3431 315 3499 ra]
335 3430 405 3483 nan.
424 3432 449 3498 a,
470 3430 511 3483 ro.

216 3521 228 3572 1
246 3534 305 3571 eum
320 3518 388 3587 sap:
406 3518 464 3572 eius
477 3518 569 3571 PMF
637 3535 690 3572 non
705 3535 755 3573 ora.
771 3520 798 3571 P
813 3518 888 3575 {cdd
903 3520 935 3571 in
950 3535 998 3587 rap.
1013 3536 1047 3571 m.
1062 3522 1087 3585 1)
1142 3521 1157 3573 3
1178 3520 1245 3573 uelit
1259 3520 1326 3579 RF.

175 3608 255 3661 uenit
268 3607 331 3660 PM
384 3607 417 3661 10
437 3608 615 3675 anitisEnp:
635 3608 831 3661 unicisPMF
885 3610 917 3660 lb
938 3609 1000 3677 quia
1019 3609 1115 3662 om.l⁴‘
1168 3611 1200 3662 19
1221 3614 1248 3662 et
1268 3612 1326 3678 qui·

175 3696 240 3749 dem
258 3698 314 3748 tam
331 3695 522 3763 <alienorum>
541 3696 606 3749 cer:
625 3699 653 3748 et
672 3696 781 3765 quidem
802 3703 856 3749 tam
876 3696 970 3761 PMF,
991 3700 1018 3749 et
1037 3696 1121 3765 quid?
1142 3696 1233 3751 demta
1251 3699 1324 3767 Eup,

175 3784 488 3853 ecquidnataOebleeus
523 3785 558 3838 20
573 3784 932 3854 patrismembraOelclcrus
941 3785 1005 3855 Eup
1042 3788 1076 3839 24
1087 3785 1178 3839 elioP
1217 3786 1326 3841 26tnnc

174 3873 247 3927 male
267 3873 362 3940 PMF,
386 3889 446 3927 cum
468 3873 605 3928 Marcione
631 3874 768 3942 Oeblcrue,
791 3878 857 3927 tuuc
876 3890 954 3943 mage
976 3886 1022 3944 r:
1041 3875 1138 3944 mapsa)
1162 3875 1239 3944 Eup:
1257 3876 1326 3928 milii

174 3969 253 4016 tetros
274 3962 321 4017 bie
342 3963 418 4016 tocco
439 3963 506 4016 inde
528 3980 547 4015 a
568 3964 660 4017 uerbis
688 3980 746 4016 cum
770 3964 840 4017 alius
865 3963 931 4017 deus
954 3980 1038 4031 aequa
1065 3965 1097 4018 in
1115 3966 1202 4033 finem
1225 3968 1327 4035 capitia

172 4052 386 4119 {serapoeum
403 4068 459 4106 esee
475 4052 599 4117 dictatam
617 4069 670 4120 quo
687 4058 791 4106 rcnwto
808 4069 880 4121 quae
898 4053 929 4105 ia
947 4054 1028 4107 initio
1046 4055 1213 4120 deaequescis
1227 4056 1327 4123 capitia

173 4142 308 4209 leputatur
317 4139 467 4193 arctissime
479 4156 508 4193 se
518 4140 662 4208 applicant
676 4140 716 4193 ud
731 4141 817 4193 umbo
836 4139 1166 4209 caercio-superducitur
1211 4144 1245 4195 26
1261 4143 1325 4195 Pro·

173 4230 253 4283 dicos
270 4226 362 4298 Rhea
381 4228 427 4297 (cf.
447 4229 467 4282 1
479 4246 544 4298 pap.
565 4232 630 4296 178,
651 4231 713 4299 29):
733 4229 863 4299 prodigos
883 4228 1019 4289 ParFrd.
1037 4229 1147 4283 Procles
1167 4230 1206 4284 R³¹
