3250 4959
408 419 458 472 111.
478 417 583 472 dducr
612 435 646 472 us
666 419 903 489 Hermogenem
923 420 1001 472 3-5.
1216 421 1276 484 131

129 634 198 680 csse
223 615 338 680 debeat
362 615 447 698 quod
471 615 521 680 dei
544 616 706 699 proprium
732 620 794 688 est:
821 619 853 680 et
876 619 913 680 ut
936 616 1009 690 dini,
1034 617 1096 680 iam
1122 635 1182 680 ncn
1208 627 1279 698 pro·

128 723 233 803 prium
263 727 359 800 esset,
389 724 463 805 quia
491 723 622 788 alterius
652 725 866 805 escendune
891 723 918 787 si
947 723 1026 788 deus
1056 727 1115 800 est,
1137 723 1278 787 -unicum

125 829 171 893 sit
206 846 340 893 necesse
378 831 437 904 est,
475 833 510 892 ut
546 829 641 892 unius
679 828 731 892 sit.
775 832 830 892 aut
868 826 945 909 quid
984 828 1044 892 erit
1080 829 1210 892 unicum
1248 832 1280 891 ot

129 937 302 1020 singulare,
331 935 392 999 nisi
422 935 473 999 cui
506 935 584 998 nihil
617 933 868 1016 adaequabitur?
898 933 973 1016 quid
1002 934 1185 1018 principale,
1218 934 1280 998 nisi

99 1041 213 1124 equod
238 1042 475 1124 superomnia,
504 1041 564 1105 nisi
594 1040 678 1123 quod
707 1045 778 1104 ante
808 1042 914 1104 omnia
942 1051 974 1104 et
1002 1061 1038 1106 ex
1063 1060 1124 1124 quo
1154 1041 1279 1105 omnia?

128 1149 204 1212 baec
229 1149 310 1212 dens
336 1145 453 1234 [solus]
477 1147 631 1212 habendo.
662 1151 721 1220 est,
751 1151 784 1210 et
812 1147 901 1211 solus
925 1147 1080 1222 habendo,
1109 1167 1191 1212 uuus
1220 1149 1279 1212 est.

129 1255 155 1319 si
178 1258 212 1319 et
240 1255 325 1318 alius
350 1253 506 1327 habuerit,
534 1255 583 1317 tot
605 1253 668 1316 ium
699 1256 790 1317 erunt
814 1252 869 1328 dii,
899 1258 977 1336 quot
1004 1254 1173 1319 habuerint
1199 1273 1280 1339 quae

130 1361 177 1424 dei
193 1365 280 1425 sunt.
297 1361 343 1424 ita
353 1361 569 1443 Hermogenes
580 1358 659 1424 duos
672 1358 746 1423 deos
763 1359 867 1436 infert,
876 1359 984 1442 (dum)
995 1361 1158 1424 materiam
1173 1379 1280 1442 parem

129 1469 186 1532 deo
201 1467 310 1530 insert.
325 1464 431 1553 [deum
450 1468 556 1530 autem
570 1484 668 1529 unum
685 1483 755 1529 esse
771 1469 908 1548 oportet,
924 1466 999 1547 quia
1014 1466 1098 1548 quod
1119 1485 1279 1531 summum

90 1573 171 1638 weit
202 1572 286 1637 deus
319 1575 383 1648 θεῖς
418 1590 580 1636 summurn
613 1575 720 1635 autem
753 1591 814 1636 non
847 1572 906 1636 erit
938 1573 1000 1637 nisi
1034 1572 1117 1656 quod
1150 1573 1279 1637 unicum

129 1679 239 1756 fucrit3
262 1680 393 1744 unicum
409 1682 514 1743 autem
535 1695 680 1742 essenon
700 1679 819 1758 poterit
834 1679 886 1743 cui
901 1679 1021 1762 aliquid
1036 1679 1279 1763 adaequabitur3

131 1785 363 1867 adaequabitur
386 1787 492 1848 autem
517 1783 575 1848 deo
600 1783 741 1861 materia,
765 1803 838 1848 cum
863 1788 989 1850 aeterna
1013 1783 1183 1872 censatum]

174 1895 202 1958 5.
229 1892 293 1958 Sed
319 1891 398 1955 deus
423 1891 501 1961 dous
526 1896 584 1966 ost,
615 1893 648 1953 et
670 1891 802 1954 materia
826 1892 958 1956 materia
981 1895 1039 1956 est.
1063 1893 1154 1975 quasi
1178 1893 1281 1957 diuor-

132 1999 207 2064 sitas
228 1999 394 2064 nominum
414 1997 641 2080 comparationi
660 1997 801 2074 resistat,
822 1997 850 2061 si
870 2001 974 2062 status
992 1998 1077 2062 idem
1091 1998 1280 2063 uindicatur.

94 2121 115 2160 ¹⁵
133 2107 174 2170 sit
206 2109 241 2170 et
274 2109 387 2170 natura
420 2104 557 2180 diuersa,
591 2103 634 2166 sit
666 2107 698 2167 et
730 2103 832 2169 forma
863 2123 923 2168 non
957 2104 1076 2180 eadem,
1110 2105 1280 2170 dummodo

133 2213 233 2294 ipsius
264 2215 369 2277 status
399 2229 460 2276 una
488 2210 532 2275 sit
559 2211 650 2274 ratio.
679 2209 807 2275 innatus
837 2210 929 2275 deus:
960 2230 998 2274 an
1025 2231 1086 2277 non
1114 2213 1222 2276 innata
1250 2215 1282 2276 ot

133 2319 285 2383 materia?
310 2336 436 2399 semper
460 2316 552 2382 deus:
577 2335 614 2380 an
639 2335 699 2380 non
726 2321 901 2400 comperet
924 2319 1077 2381 materia?
1101 2319 1193 2382 ambo
1213 2319 1280 2383 sine

134 2425 232 2504 initio,
257 2424 350 2489 ambo
375 2423 537 2500 cinctino,
563 2423 655 2487 ambo
679 2422 774 2487 etiam
799 2427 944 2488 auctores
968 2424 1197 2498 uniuersitatis,
1215 2429 1280 2488 tam

135 2531 186 2612 qui
204 2531 283 2595 fecit
302 2547 397 2612 quam
417 2528 454 2594 de
474 2547 537 2611 qua
554 2528 639 2593 fecit.
663 2547 765 2610 noque
790 2530 872 2593 enim
891 2533 1000 2613 potest
1019 2549 1079 2594 non
1099 2537 1132 2594 et
1149 2531 1283 2594 materia

96 2653 119 2692 a
135 2639 253 2704 auctrix
281 2636 423 2701 omnium
452 2635 607 2719 deputari,
632 2636 670 2701 de
700 2655 761 2718 qua
794 2636 989 2702 uniuersitas
1023 2639 1180 2703 consistit.
1206 2657 1282 2721 quc·

135 2744 224 2808 modo
258 2742 484 2828 respondebit?
520 2761 581 2808 non
616 2743 725 2808 statim
758 2744 924 2808 materiam
955 2745 1131 2828 comparari
1152 2743 1230 2820 deo,
1254 2745 1282 2808 si

135 2849 207 2930 quid
235 2849 287 2914 dai
316 2848 441 2926 habeat,
470 2848 546 2930 quia
573 2868 633 2913 non
661 2851 765 2913 totum
796 2848 940 2914 habendo
968 2869 1029 2914 non
1058 2853 1223 2916 concurrat
1250 2850 1281 2914 in

135 2955 363 3036 plenitudinem
401 2955 667 3037 comparationis?
709 2957 764 3039 qui
802 2956 862 3021 deo
899 2957 1030 3039 reliquit
1063 2957 1212 3040 amplius,
1245 2961 1282 3021 ut

136 3079 193 3126 non
219 3067 328 3127 totum
356 3061 408 3126 dei
440 3064 590 3127 materiae
619 3062 744 3128 dedisse
778 3063 945 3128 uideatur?
984 3065 1037 3128 uel
1066 3083 1135 3146 qua,
1168 3065 1281 3147 inquit,

98 3181 121 3222 2⁵
137 3170 166 3230 ot
187 3169 233 3234 sic
257 3168 394 3233 habente
413 3168 544 3234 materia
568 3168 657 3234 salua
681 3170 724 3234 sit
748 3169 805 3234 deo
831 3174 863 3234 et
887 3171 1060 3235 auctoritas
1085 3174 1117 3234 et
1135 3171 1282 3236 substan-

221 3397 249 3466 s]
269 3396 303 3449 cr
323 3395 399 3448 eom.
418 3396 443 3462 a,
463 3397 488 3449 5.
508 3395 542 3450 u.
562 3395 619 3451 cu.
641 3397 664 3462 1,
687 3397 727 3450 m.
748 3369 780 3450 u.
800 3397 814 3450 1
833 3397 893 3452 cor.
914 3399 939 3460 a,
959 3398 983 3451 c.

170 3521 241 3574 deit
259 3521 357 3576 om.F
403 3521 618 3576 decluseeclasa'
690 3521 895 3576 est—habendo
910 3522 1002 3578 orn.P
1055 3522 1232 3576 ihabuerint
1246 3524 1280 3585 P,

138 3607 286 3664 habuerunt
313 3609 374 3664 NF
425 3611 441 3665 8
470 3610 533 3664 dum
563 3611 629 3665 odd.
654 3613 712 3666 Ion
766 3614 782 3667 9
810 3614 894 3667 infert
912 3612 975 3681 ΡΝ,
998 3612 1082 3667 infers
1104 3614 1140 3678 F,
1163 3613 1282 3668 inserens

138 3695 197 3766 Bra
248 3715 321 3768 puae
331 3699 433 3754 abhinc
441 3716 525 3770 usquc
534 3700 656 3770 infinem
666 3702 768 3770 cupitis
776 3703 905 3772 {epuratur
914 3719 1014 3764 eoram,
1024 3719 1096 3772 quoe
1109 3703 1282 3773 antecedunt,

138 3785 242 3840 nudam
260 3787 531 3856 repatriationem
550 3790 650 3844 addita
667 3790 806 3860 uidentur,
827 3793 894 3860 puio
912 3792 1092 3845 interciderat
1108 3808 1196 3860 supro
1217 3808 1281 3847 coa·

139 3873 238 3929 dudio
252 3875 316 3930 dnm
372 3877 609 3940 locusmalim
621 3881 774 3942 aeternaP,
785 3881 956 3944 maternaN,
969 3881 1123 3934 materiaF
1157 3879 1190 3934 15
1205 3879 1282 3936 dum-

139 3963 213 4016 modo
222 3963 271 4028 12³,
282 3963 346 4018 dum
355 3967 458 4019 nomini
469 3965 590 4024 PNFR¹
629 3969 661 4022 ld
675 3969 744 4022 ratio
760 3970 796 4022 sit
807 3969 837 4022 F
888 3969 984 4023 innata
993 3969 1141 4038 etacra'pai:
1151 3973 1179 4023 et
1188 3969 1283 4024 innata

142 4050 238 4119 cnr,
249 4059 277 4106 et
286 4053 381 4106 innato
391 4053 417 4106 P
471 4055 503 4108 18
514 4055 600 4108 uerba
610 4056 688 4110 ambo
700 4057 948 4111 etiam-consistit
961 4074 1048 4126 aeque
1056 4059 1120 4128 ipsc
1128 4059 1188 4112 eine
1196 4058 1282 4126 offen-

140 4135 211 4192 sione
219 4144 644 4212 eoacocqaaecoapertioeanc
654 4145 862 4200 adoraremus
872 4145 911 4200 ad
919 4152 1011 4200 cctam
1019 4147 1070 4214 dei,
1077 4163 1163 4214 neque
1172 4163 1282 4201 concor·

141 4223 206 4280 duni
215 4243 275 4283 eum
285 4230 324 4284 eat
332 4232 498 4299 quaepaulo
507 4233 587 4301 infra
598 4234 725 4302 deponitor
735 4235 752 4288 l.
764 4237 804 4288 25
813 4251 869 4304 sqq.
920 4236 954 4289 23
965 4237 1011 4303 qui
1021 4239 1067 4300 (=
1077 4236 1221 4305 quomodo)
1232 4235 1282 4290 deo

143 4311 215 4386 Eup.-
226 4317 291 4388 qnid
302 4337 333 4374 eo
343 4319 434 4384 PNF,
446 4321 510 4389 quid
521 4321 570 4376 deo
582 4323 700 4394 Ruulpo
738 4326 771 4378 25
783 4326 955 4381 auctoritatis
966 4324 996 4377 F
1046 4326 1216 4379 substantiae
1227 4323 1286 4378 NF

1213 4431 1244 4484 9.
