3250 4959
398 421 456 476 Vli.
477 420 645 475 Aduersus
665 421 862 475 Marcionem
882 420 929 473 lib.
950 420 972 473 V
991 421 1070 474 3-4.
1247 425 1315 487 579

163 618 296 696 adhuc,
334 617 448 699 inquit,
487 616 693 680 secundum
731 615 916 680 hominem
956 615 1055 679 dico:
1094 615 1178 681 dum
1215 635 1311 680 esse·

162 743 245 788 mus
282 723 445 805 paruuli,
488 723 557 787 sub
596 722 796 786 elementis
834 721 962 785 mundi
1004 740 1150 786 eramus
1191 723 1311 804 positi

162 831 208 894 ad
229 830 514 894 deseruiandum
535 829 604 892 cis.
629 829 737 910 atquin
758 848 819 892 non
835 834 884 891 est
897 829 957 891 hoc
976 829 1161 893 humanitus
1176 829 1309 894 dictum.

162 937 333 1001 nonenim
358 936 536 1018 exemplum
561 938 620 1012 est,
649 935 705 999 sed
729 935 858 999 ueritas.
886 934 958 1018 quis
983 936 1067 999 anim
1090 937 1244 1018 paruulus
1267 975 1310 983 —

127 1044 277 1126 tutique
301 1061 407 1121 sousa,
432 1043 516 1125 quod
540 1046 615 1106 sunt
637 1043 779 1107 nationes
804 1079 847 1088 -
870 1062 931 1106 nou
956 1043 1122 1108 elementis
1146 1044 1311 1110 subiectus

162 1153 214 1214 cst
246 1149 483 1232 mundtouao
511 1167 566 1232 pro
597 1149 655 1214 doo
684 1149 841 1230 suspicit?
872 1147 954 1213 illud
982 1153 1088 1214 autem
1121 1150 1193 1226 fuit,
1226 1153 1311 1234 quod

161 1255 1311 1322 tumsocundumhominomdixittsedtameutestamentumhomi-

162 1361 222 1426 nis
241 1381 346 1426 nomo
367 1362 514 1445 spernit
533 1364 598 1426 aut
617 1362 894 1446 superordinat.
919 1363 1060 1444 exemplo
1080 1364 1162 1427 enim
1182 1364 1311 1428 humani

161 1469 348 1533 testamenti
375 1468 587 1551 permanentis
617 1469 761 1532 diuinum
788 1462 960 1534 tuebaturz'
985 1469 1154 1534 Abrahae
1187 1470 1311 1536 dictae

115 1596 143 1634 1⁰
164 1575 541 1657 suutpromissiones
558 1580 594 1638 et
609 1575 744 1640 semini
759 1575 854 1639 cius.
868 1595 937 1639 non
954 1575 1048 1640 dixit
1068 1577 1310 1654 seminibus,

164 1681 275 1762 quasi
309 1681 494 1762 pluribus,
533 1681 598 1744 sed
631 1680 785 1745 ‘semini'
818 1685 1005 1763 tamquam
1033 1681 1106 1754 uni,
1131 1682 1229 1764 quod
1252 1689 1311 1748 ast

164 1786 352 1852 Christus.
383 1786 548 1851 embescat
573 1787 707 1870 spongia
730 1787 916 1852 Marcionis!
950 1785 1019 1853 nisi’
1040 1788 1124 1870 quod
1152 1808 1189 1852 ex
1216 1789 1310 1853 abun-

163 1893 252 1956 danti
280 1897 417 1957 retracto
446 1913 526 1976 quas
555 1894 698 1970 abstulit,
734 1913 804 1958 cum
833 1895 974 1958 ualidius
1002 1895 1045 1958 sit
1071 1894 1163 1959 illum
1192 1915 1228 1959 ox
1260 1896 1310 1960 his

162 2000 295 2076 reuinci,
317 2019 396 2082 quae
412 2001 566 2064 seruauit.
591 2019 671 2065 cum
692 2005 815 2065 autom
835 2001 964 2065 euenit
981 2001 1132 2084 impleri
1151 2004 1310 2084 tompus

114 2127 141 2166 xs
163 2106 271 2170 misit
304 2106 395 2171 deus
428 2107 554 2171 filiurn
588 2125 705 2185 suum,
739 2107 851 2188 utique
883 2107 922 2185 is,
956 2107 1010 2188 qui
1043 2108 1139 2172 etiam
1168 2108 1310 2190 ipsorum

162 2217 342 2295 temporum
359 2212 509 2290 deusest,
530 2212 645 2295 quibus
662 2214 826 2278 saeculum
845 2217 980 2290 constat,
1001 2215 1055 2296 qui
1075 2215 1166 2298 signa
1184 2234 1310 2297 quoque

162 2322 343 2400 temporum
372 2319 541 2394 ordinauit,
575 2319 660 2384 soies
689 2323 721 2383 et
747 2319 840 2384 lunas
864 2323 896 2383 et
919 2319 1023 2384 sidera
1047 2321 1222 2398 cistellas,
1256 2323 1311 2404 qui

162 2425 223 2490 filii
255 2424 390 2508 denique
424 2426 474 2490 sui
505 2426 733 2491 reuolationom
761 2428 792 2490 in
823 2427 1054 2492 extremitatem
1077 2432 1255 2510 temporum
1280 2435 1312 2493 ot

164 2531 326 2614 disposuit
349 2535 381 2596 et
403 2532 613 2616 praedicauit:
640 2534 675 2597 in
699 2534 924 2599 nouissimis
949 2533 1082 2599 diebus
1106 2535 1179 2599 erit
1200 2536 1311 2600 mani·

115 2638 291 2704 aoiestus
325 2658 429 2703 mons
459 2638 610 2716 domini,
645 2644 689 2704 st:
723 2641 758 2703 in
784 2640 1010 2704 nouissimis
1035 2641 1171 2704 dicbus
1195 2641 1311 2705 effun-

164 2745 246 2810 dam
266 2745 308 2810 do
327 2765 408 2810 meo
428 2745 570 2827 spiritu
586 2746 621 2809 iu
637 2765 780 2810 omnem
795 2765 950 2822 carnem,
971 2746 1312 2812 secuudumiohelcm.

162 2850 265 2932 ipsius
290 2857 357 2917 erat
381 2852 574 2916 sustinuisse
598 2856 725 2934 tempus
749 2852 885 2934 impleri,
915 2851 1006 2917 cuius
1031 2859 1098 2917 erat
1121 2852 1216 2917 etiam
1241 2852 1312 2917 finis

162 2957 316 3038 temporis
342 2957 426 3022 sicut
449 2957 585 3022 initium.
610 2963 750 3022 osterum
775 2956 854 3022 deus
876 2957 932 3021 iile
957 2958 1079 3021 otiosus
1103 2977 1159 3022 nec
1179 2959 1312 3039 operati-

164 3064 234 3128 onis
258 3083 315 3130 nec
339 3063 584 3147 praedicationis
608 3064 706 3128 ullius
732 3066 828 3146 atque
850 3064 895 3127 ita
918 3081 974 3126 nec
993 3065 1144 3147 temporis
1163 3064 1310 3142 alicuius,

116 3190 143 3231 as
165 3169 242 3252 quid
257 3171 383 3235 omniuo
400 3169 476 3253 ogit,
497 3169 582 3252 quod
601 3169 740 3234 efiiceret
759 3175 887 3251 tempus
905 3169 1032 3251 impleri
1050 3173 1083 3235 at
1099 3169 1163 3233 iam
1180 3171 1312 3253 implen-

163 3277 238 3342 dum
264 3276 435 3341 sustineri?
460 3277 487 3340 si
510 3277 600 3355 nihil,
625 3277 703 3342 satis
722 3296 842 3341 uanum
861 3279 920 3352 est,
944 3280 982 3340 ut
1000 3276 1149 3341 creatoris
1168 3279 1312 3357 tempora

255 3487 281 3555 ι]
303 3485 563 3551 sa1.3,15;4,a
624 3487 651 3554 a]
673 3483 731 3539 sn.
752 3485 777 3552 3,
798 3485 840 3538 15.
905 3483 1122 3553 spamam.
1188 3484 1311 3553 141Go1.

153 3576 233 3652 aa.
291 3577 334 3643 19]
353 3573 399 3628 ss.
419 3575 444 3638 2,
464 3577 489 3627 2.
544 3575 591 3643 20]
610 3575 667 3628 1001
685 3576 711 3640 a,
733 3576 756 3630 1.

202 3699 214 3751 1
234 3703 389 3751 removerat
405 3698 522 3767 sposspa'a
539 3675 696 3752 Marcionis
714 3697 799 3751 uerba
818 3696 939 3765 apostoli
956 3697 1022 3751 inde
1040 3714 1059 3750 a
1077 3697 1149 3766 ὅμως
1168 3696 1313 3765 ἀνθρώπου

151 3807 186 3841 -ι,
207 3805 229 3840 τ.
248 3783 270 3840 λ,
291 3789 429 3852 (c.3‚10')
449 3802 533 3854 saque
553 3785 592 3839 ad
609 3803 651 3852 ea,
666 3803 737 3852 puae
755 3787 884 3855 leputatur
897 3801 918 3839 e.
941 3790 966 3850 4,
983 3790 1014 3839 3:
1032 3787 1075 3839 ὅτε
1094 3782 1161 3857 ἦμεν
1180 3783 1267 3856 νήπιοι
1284 3805 1312 3837 a.

162 3895 185 3931 τ.
208 3875 232 3929 λ.
256 3874 306 3928 hoc
328 3891 394 3930 sero
417 3874 498 3928 modo
521 3876 652 3944 sonimaps'
669 3875 755 3928 umba
779 3875 907 3943 apostoli,
926 3891 998 3944 quos
1016 3874 1146 3942 coniuapi
1162 3879 1311 3940 nequeant,

162 3966 194 4019 in
212 3965 386 4033 sequentibus
404 3963 563 4032 comprobat
582 3969 679 4016 auctor
718 3965 735 4018 6
754 3965 870 4033 suspicit
882 3963 947 4032 Εἰς
963 3963 1010 4032 (cf.
1029 3967 1096 4028 580,
1115 3965 1175 4028 19):
1195 3963 1310 4031 suscipit

162 4052 226 4108 MR
297 4051 351 4106 suit
369 4053 411 4121 Μ,
430 4052 499 4107 facit
516 4053 543 4106 R
598 4053 690 4104 itum
708 4053 821 4121 scripsi:
842 4069 901 4105 cum
920 4052 982 4106 MR
1045 4051 1114 4104 dixit
1132 4050 1180 4104 aod
1198 4051 1312 4117 scripsi:

163 4140 277 4195 dixisset
294 4140 356 4196 MR
395 4141 427 4194 10
441 4144 505 4194 sunt
524 4156 574 4193 om.
593 4140 632 4193 m
671 4141 701 4194 li
723 4145 765 4193 est
784 4140 908 4194 Christus
922 4140 965 4209 M,
985 4139 1109 4194 Christus
1129 4144 1171 4194 est
1188 4139 1312 4206 Raslpo

163 4231 195 4284 21
216 4246 277 4284 meo
296 4229 394 4299 spiritu
408 4229 451 4296 M,
470 4229 567 4299 spiritu
587 4245 645 4282 meo
664 4228 784 4298 Rualpo
840 4229 875 4281 23
892 4228 1000 4282 initium
1020 4231 1051 4282 ia
1069 4228 1109 4282 lis.
1125 4227 1161 4280 M
1208 4227 1243 4280 25
1262 4231 1311 4279 aut

162 4320 216 4374 iam
235 4317 293 4372 Lat

1223 4421 1273 4474 37⁸
