3250 4959
388 466 449 520 l'll.
468 465 634 519 Aduersus
653 465 851 518 Marcionem
869 463 917 517 lib.
937 463 993 516 IIII
1013 463 1053 515 15.
1232 465 1295 528 467

148 684 222 729 cor.
260 663 293 727 id
326 661 432 743 ipsum
465 663 626 744 postremo
659 659 792 724 uerbum
826 660 906 723 ‘uae'
939 659 1015 723 olim
1049 677 1103 740 per
1133 658 1232 723 Amos
1265 658 1298 720 in

149 771 266 835 diuites
296 768 463 833 affluentes
493 766 615 830 deliciis
641 765 831 830 destinatur:
859 783 943 841 uae,
972 764 1085 846 inquit,
1116 765 1186 845 qui
1214 763 1298 829 dor-

148 879 279 942 miunt
311 875 350 938 iu
382 874 508 938 lectis
542 872 779 937 eburnaciis
812 875 852 936 et
884 870 1055 936 deliciis
1087 871 1227 934 fluunt
1260 871 1298 934 in

149 983 254 1047 toris
280 981 379 1058 saie,
403 980 470 1063 qui
495 979 619 1044 edunt
639 979 786 1044 haedos
806 979 852 1043 de
872 976 1066 1063 gregibus
1086 995 1296 1060 caprarum

119 1093 191 1154 ret
219 1089 380 1153 uitulus
410 1087 455 1150 de
483 1087 681 1171 gregibus
710 1086 824 1150 boum
848 1085 1068 1162 lactantes,
1096 1084 1299 1167 complau-

151 1197 293 1260 dentes
314 1195 360 1258 ad
380 1213 519 1260 sonum
539 1212 792 1278 organorum:
816 1195 1017 1274 tamquam
1037 1209 1300 1273 perseuerau-

151 1304 209 1368 tia
237 1301 544 1385 deputauerunt
576 1303 614 1364 et
643 1319 717 1365 non
745 1303 948 1381 tamquam
977 1297 1195 1382 fugientia,
1227 1298 1296 1380 qni

150 1409 298 1474 bibunt
335 1407 470 1472 uinum
507 1406 711 1489 liquatum
750 1408 789 1470 et
825 1405 1051 1489 unguentis
1087 1403 1298 1487 primariis

151 1519 397 1599 unguuntur.
421 1512 521 1597 igitur
544 1518 577 1578 et
600 1514 629 1577 ei
650 1512 871 1577 tantummodo
895 1511 1115 1577 dehortantem
1139 1511 1298 1576 adluitiis
1342 1555 1349 1570 .

106 1643 133 1684 ιο
152 1621 349 1687 ostenderem
370 1625 552 1695 creatorem,
567 1638 629 1683 non
648 1619 743 1683 etiam
764 1618 1040 1702 praedamnantem
1054 1617 1184 1695 diuites
1203 1617 1300 1682 etiam

151 1729 248 1794 uerbo
272 1728 343 1810 ipso
368 1745 430 1809 quo
455 1729 487 1790 et
511 1725 669 1805 Christus,
694 1745 787 1791 nemo
812 1724 974 1789 dubitaret
997 1725 1035 1788 ab
1060 1723 1171 1789 eodem
1196 1723 1299 1790 adiec-

152 1839 216 1900 tam
232 1835 263 1898 in
284 1813 402 1899 diuites
422 1833 699 1898 comminationem
718 1851 774 1915 per
792 1834 872 1896 ‘uae'
892 1831 1057 1910 Christis
1076 1850 1138 1913 quo
1157 1831 1299 1915 ipsamm

152 1941 367 2018 materiarum,
405 1939 438 2003 id
475 1945 526 2003 est
563 1938 757 2016 diuitiarum,
795 1937 972 2004 dehortatio
1005 1939 1298 2021 praecucurrrisset.

154 2046 356 2112 comminatio
388 2045 471 2110 enim
500 2045 727 2110 dehortationis
752 2043 894 2109 accessio
919 2048 979 2108 est.
1074 2044 1197 2128 Ingerit
1219 2051 1301 2109 ‘uae'

109 2175 134 2217 ιε
154 2155 250 2219 ctiam
283 2153 446 2230 saturatis,
475 2152 549 2235 quia
578 2152 728 2230 esurient,
766 2150 864 2215 etiam
891 2151 1067 2217 ridentibus
1104 2171 1197 2229 nunc,
1227 2152 1301 2234 quia

155 2261 323 2346 lugebunt.
355 2259 405 2323 his
434 2259 670 2342 respondebunt
696 2258 762 2337 illa,
796 2277 876 2341 quae
904 2278 1001 2342 supra
1022 2257 1300 2324 benedictionibus

154 2367 300 2450 opposita
330 2368 406 2430 sunt
433 2365 516 2449 apud
547 2369 734 2430 creatorem:
767 2384 860 2430 ecce
894 2366 960 2448 qui
987 2365 1086 2431 mihi
1114 2365 1301 2430 seruiunt

155 2473 461 2551 saturabuntur,
485 2491 556 2536 uos
582 2474 715 2536 autem
740 2471 951 2549 esurietis,
970 2473 1082 2555 utique
1097 2471 1153 2555 qui
1166 2472 1301 2537 saturati

155 2580 243 2656 estis,
269 2583 314 2644 et:
341 2597 432 2643 soce
457 2579 524 2660 qui
543 2578 641 2642 mihi
666 2579 858 2643 seruiunt
876 2578 1206 2655 oblectabuntur,
1228 2598 1300 2644 ace

108 2711 136 2750 so
155 2691 287 2751 autem
316 2685 634 2760 confundemini,
662 2685 774 2767 utique
802 2686 966 2769 ploraturi,
995 2686 1050 2767 qui
1073 2706 1156 2750 nunc
1177 2686 1300 2752 ridetis.

154 2792 345 2859 sicutenim
368 2791 400 2856 in
423 2792 547 2874 psalmo
577 2791 642 2874 qui
666 2792 868 2856 seminant
891 2793 930 2856 in
952 2793 1138 2857 lacrimis
1162 2793 1200 2856 in
1224 2792 1300 2857 lae-

154 2900 252 2963 titia
293 2903 453 2976 metent,
495 2899 542 2962 ita
578 2899 610 2962 in
648 2899 813 2983 euuangelio
856 2899 911 2981 qui
953 2899 986 2963 in
1027 2899 1095 2964 risu
1131 2900 1301 2977 seminant,

154 3006 279 3072 scilicet
309 3025 346 3070 er
377 3005 509 3082 laetitia,
542 3006 573 3068 in
605 3005 745 3070 lacrimis
782 3008 913 3070 metent.
951 3006 1028 3071 haec
1066 3007 1141 3071 olim
1179 3009 1303 3071 creator

154 3114 252 3177 simul
269 3112 388 3196 posuit,
413 3111 560 3178 Christus
580 3111 780 3177 solummodo
800 3112 1035 3196 distinguendo,
1058 3132 1120 3178 uon
1138 3112 1301 3189 mutando,

109 3241 136 3283 aa
155 3219 333 3282 renouauit.
433 3218 522 3292 Vae,
548 3237 631 3282 cum
656 3218 773 3282 uobis
797 3218 1080 3284 benedixerint
1102 3219 1300 3284 homines!

151 3325 374 3390 secundum
401 3310 498 3390 heco
527 3325 735 3390 faciehant
767 3329 805 3389 et
837 3325 1213 3410 pseudoprophetis
1239 3345 1303 3408 pa-

155 3435 238 3495 trae
261 3431 438 3496 illorum.
463 3450 562 3513 aeque
582 3436 703 3495 creator
721 3431 954 3496 benedictionis
972 3436 1004 3497 et
1021 3432 1126 3496 laudis
1145 3431 1302 3496 humanae

155 3541 328 3604 sectatores
356 3538 483 3603 incusat
510 3557 566 3620 per
593 3537 735 3602 Esaiam:
769 3539 948 3620 populus
975 3558 1096 3618 meus,
1130 3539 1198 3621 qui
1227 3557 1301 3603 uos

154 3645 299 3710 beatos
333 3644 475 3709 dicunt
507 3643 711 3709 seducunt
747 3664 819 3709 uos
858 3649 898 3709 et
934 3646 1024 3710 uias
1061 3647 1204 3727 pedum
1240 3665 1302 3710 ue-

243 3785 271 3852 2]
288 3784 346 3837 Am.
361 3785 386 3848 6,
400 3785 479 3840 4-6.
533 3784 575 3853 14}
591 3785 624 3838 cl.
639 3785 703 3838 Luc.
719 3787 744 3851 6,
759 3785 802 3839 25.
856 3785 1089 3853 lr-eulnses,
1106 3784 1146 3838 13.
1197 3785 1241 3854 21]
1256 3785 1301 3839 Pa.

157 3873 215 3938 125,
235 3875 260 3928 5.
314 3874 361 3942 22]
382 3873 414 3926 ol.
433 3873 498 3926 Luc.
520 3875 545 3941 6,
565 3875 607 3926 25.
663 3873 706 3942 25]
726 3873 791 3927 Luc.
812 3875 837 3937 6,
858 3875 900 3927 26.
956 3873 1110 3942 aurea,
1132 3874 1173 3928 12.

192 3998 205 4051 1
227 4002 260 4052 et
278 3999 365 4068 ipsum
380 3998 450 4065 sort.
505 3999 521 4052 2
542 3997 646 4053 deliciis
666 3997 777 4062 MGR³,
797 3996 903 4051 diuitiis
921 3997 959 4052 R¹
1019 3997 1208 4052 destinabatur
1220 4000 1302 4067 sort,

156 4085 353 4141 destinaturus
371 4088 445 4156 Eup,
467 4087 541 4156 quod
554 4088 709 4155 probaram,
728 4089 754 4142 at
767 4087 854 4141 uerbo
869 4088 933 4141 olim
947 4103 995 4155 per
1008 4087 1091 4141 Amos
1105 4093 1169 4156 poet
1182 4087 1302 4142 destina·

155 4181 234 4230 turus
252 4178 403 4245 legerentur
470 4193 520 4231 uae
540 4179 611 4231 enim
629 4178 663 4231 N
668 4178 740 4230 Pom
786 4177 973 4230 3ebnrnaciie
992 4176 1039 4246 12¹,
1059 4177 1184 4231 eburneis
1197 4176 1303 4231 MGR³

155 4265 373 4321 leuisom.R¹
457 4266 578 4336 edosM
639 4267 672 4320 16
690 4267 733 4319 his
752 4266 787 4335 R,
807 4266 851 4320 hic
869 4265 934 4319 MP
988 4267 1020 4320 18
1040 4265 1218 4334 quiacripar':
1239 4267 1303 4337 quia

156 4354 218 4410 Ma
271 4355 305 4408 23
325 4371 355 4408 er
375 4355 416 4418 M,
437 4353 510 4409 era

1214 4461 1264 4516 30⁸
