3250 4959
363 364 423 416 vn.
441 364 607 418 Aduersus
626 366 823 419 Marcionem
844 368 890 421 lib.
912 369 923 420 Ι
945 369 1058 423 12-13.
1224 375 1287 436 307

136 557 231 622 etde
255 559 319 622 isto
343 557 438 621 huius
462 558 571 622 mundi
595 558 724 643 indigno
748 560 870 643 loquar,
901 561 952 626 cui
981 567 1012 626 et
1037 563 1120 645 apud
1146 563 1285 631 Graecos

135 665 315 728 ornamenti
340 668 372 728 et
395 665 511 742 cultus,
535 685 596 729 non
621 665 773 739 sordium,
797 686 909 732 nomen
940 673 998 746 est,
1028 669 1173 754 indignas
1199 672 1285 736 uide·

133 771 212 836 licet
242 771 438 836 substantias
466 772 527 854 ipsi
557 771 604 835 illi
633 772 806 854 sapientiae
839 775 1046 855 professores,
1080 777 1118 840 de
1152 797 1285 860 quorum

133 877 273 961 ingeniis
303 879 406 943 omnis
439 879 578 944 haeresis
611 880 778 957 animatur,
812 881 887 945 deos
920 884 1215 964 pronuntiandum,
1249 890 1286 950 ut

101 985 253 1048 a'l'hales
282 1004 407 1068 aquam,
441 991 478 1050 ut
503 986 685 1051 Heraclitus
712 988 831 1070 ignem,
864 992 900 1053 ut
928 991 1136 1056 Anaximenes
1170 998 1283 1068 aierem,

134 1097 170 1155 ut
208 1092 443 1156 Anaximander
483 1093 633 1156 uniuersa
670 1095 831 1171 caelestia,
872 1101 907 1159 ut
946 1095 1050 1162 Strato
1090 1099 1213 1162 caelum
1253 1104 1284 1163 et

131 1202 263 1275 terram,
293 1203 330 1262 ut
356 1199 439 1263 Zeno
468 1205 570 1263 aerem
601 1203 632 1264 et
660 1201 831 1277 aetherem,
867 1206 903 1266 ut
930 1203 1020 1267 Plato
1056 1204 1170 1282 sidera,
1205 1225 1284 1286 quae

130 1324 235 1388 genus
260 1305 391 1369 deorum
415 1305 541 1389 igneum
567 1307 715 1389 appellat,
745 1327 816 1371 cum
843 1308 880 1372 de
904 1309 1032 1386 mundo,
1058 1310 1282 1374 considerando

130 1411 261 1476 scilicet
289 1415 321 1475 et
348 1412 600 1495 magnitudinem
630 1417 661 1476 et
688 1413 755 1476 uim
784 1417 816 1477 et
848 1418 1038 1495 potestatem
1074 1421 1106 1479 et
1133 1417 1281 1482 honorem

84 1541 111 1578 ro
131 1526 166 1582 et
204 1519 360 1600 decorem,
398 1539 488 1602 opem
526 1519 621 1584 fidem
661 1520 767 1603 legem
805 1521 1004 1605 singulorum
1043 1522 1281 1604 elementorum,

130 1645 214 1708 quae
254 1626 401 1691 omnibus
438 1626 606 1711 gignendis
644 1627 766 1692 alendis
803 1627 1007 1693 conficiendis
1041 1628 1282 1712 reficiendisque

129 1733 326 1814 conspirant,
350 1737 388 1796 ut
410 1734 551 1816 plerique
574 1735 789 1818 physicorum,
809 1736 1060 1812 formidauerint,
1081 1733 1218 1822 [initium
1244 1756 1279 1800 ac

129 1843 226 1905 tinem
256 1840 373 1905 mundo
402 1839 558 1927 constare]
592 1861 630 1905 ne
664 1842 861 1906 substantiae
895 1843 974 1919 eius,
1007 1846 1113 1907 tantae
1148 1843 1280 1921 scilicet,

129 1949 239 2012 rninus
276 1948 326 2010 ‹lei
364 1948 563 2024 haberentur,
602 1967 681 2030 quas
719 1949 828 2012 colunt
862 1953 893 2014 et
925 1950 1091 2014 Persarum
1125 1951 1211 2034 magi
1249 1955 1280 2014 et

81 2077 109 2115 rs
129 2054 364 2138 Aegyptiorum
390 2055 616 2138 hierophantae
645 2061 678 2118 et
705 2055 854 2120 Indorum
885 2057 1176 2140 gymnosophistae.
1211 2057 1280 2139 ipsa

128 2181 259 2244 quoque
277 2162 422 2244 uulgaris
441 2162 628 2244 superstitio
648 2162 826 2225 communis
841 2161 1017 2239 idolatriae,
1038 2181 1109 2226 cum
1129 2163 1159 2227 in
1181 2163 1279 2227 simu-

126 2268 224 2332 lacris
249 2268 287 2331 de
311 2268 491 2332 nominibus
517 2272 549 2331 et
571 2268 689 2331 fabulis
712 2271 858 2331 ueterum
883 2272 1080 2332 mortuorum
1105 2268 1213 2351 pudet,
1239 2270 1277 2334 ad

125 2376 420 2458 interpretationem
450 2375 640 2439 naturalium
665 2376 785 2457 refugit
809 2377 841 2438 ei
864 2375 1002 2440 dedecus
1028 2396 1120 2440 suum
1150 2377 1277 2461 ingenio

127 2481 306 2556 obumbrat,
329 2481 468 2564 figurans
487 2482 597 2545 Iouem
615 2482 647 2545 in
669 2481 880 2545 substantiam
901 2481 1053 2546 feruidam
1075 2487 1106 2546 et
1124 2484 1276 2548 Iunonem

77 2607 107 2643 20
127 2589 197 2652 eius
235 2589 265 2651 in
299 2593 418 2650 aiream
454 2587 627 2652 secundum
662 2607 777 2652 sonum
806 2586 998 2652 Graecorum
1035 2591 1275 2668 uocabulorum,

126 2696 204 2760 item
241 2696 373 2761 Vestam
408 2696 439 2758 in
473 2696 580 2780 iguem
618 2701 650 2759 et
678 2695 831 2760 Camenas
860 2696 891 2759 iu
920 2714 1033 2777 aquam
1068 2700 1099 2760 et
1126 2697 1273 2780 Magnam

124 2804 264 2868 Matrem
278 2805 310 2866 in
324 2806 438 2867 terram
458 2802 622 2866 seminalia
638 2801 827 2878 demessam,
847 2802 974 2866 lacertis
990 2805 1120 2881 aratam,
1140 2804 1275 2868 lauacris

123 2911 272 2993 rigatam.
288 2909 335 2973 sic
354 2914 395 2987 et,
412 2910 513 2974 Osiris
532 2909 617 2992 quod
636 2928 762 2990 semper
781 2908 935 2992 sepelitur·
953 2912 985 2972 et
1004 2909 1034 2972 iu
1050 2908 1160 2974 uiuido
1181 2929 1274 2993 quae-

122 3018 206 3082 ritur
229 3020 262 3081 et
285 3036 357 3080 cum
381 3016 496 3102 gaudio
520 3015 691 3093 inuenitur,
720 3017 951 3097 reciprocarum
980 3017 1108 3100 frugum
1138 3021 1169 3081 et
1193 3018 1274 3082 uiui-

77 3141 105 3179 25
124 3125 236 3189 dorum
276 3125 504 3188 elementorum
542 3126 574 3188 et
605 3123 738 3188 recidiui
773 3123 843 3187 anni
879 3122 971 3186 fidem
1005 3127 1272 3206 argumentantur,

123 3233 210 3295 sicut
237 3229 342 3294 aridae
371 3233 403 3293 et
431 3231 569 3294 ardentis
602 3234 733 3294 natiuae
766 3232 963 3293 sacramenta
995 3230 1102 3292 leones
1136 3229 1272 3294 Mithrae

121 3338 401 3421 philosophantur.
430 3341 462 3400 et
484 3338 663 3419 superiores
688 3336 815 3419 quidem
845 3337 909 3400 situ
934 3340 989 3398 aut
1014 3339 1099 3398 statu
1126 3336 1272 3399 substan-

213 3516 241 3583 ἵ]
262 3513 296 3568 ci,
315 3514 395 3567 Plato
414 3514 482 3567 Tim.
502 3532 527 3582 p,
547 3514 581 3567 40
600 3515 622 3567 Α

157 3641 173 3691 7
190 3655 260 3707 qnae
274 3639 317 3706 M,
333 3637 404 3706 quod
419 3639 446 3691 R
498 3639 531 3690 12
550 3638 755 3692 lormidauerint
768 3639 802 3705 It,
821 3637 1040 3690 formidauerunt
1055 3636 1119 3688 ΜΓ
1180 3637 1270 3689 tormi-

121 3727 405 3782 daucrintam'ldeum
420 3745 480 3780 eum
489 3727 677 3795 pronuntiare
731 3727 1002 3780 inminui—constare
1016 3727 1115 3779 saetosi
1162 3725 1194 3777 13
1208 3741 1267 3777 con-

120 3824 193 3871 stare
207 3817 278 3879 Ma,
298 3821 371 3869 stare
384 3816 419 3877 F,
439 3814 503 3870 dare
517 3816 573 3884 Rip
580 3814 619 3877 N,
635 3816 798 3868 constituere
812 3833 869 3870 aon
885 3815 932 3868 dei·
950 3815 1020 3868 Vliet
1074 3816 1105 3867 15
1120 3813 1269 3866 ierolantae

120 3906 185 3959 ΜΡ
239 3907 272 3958 16
291 3904 319 3957 in
339 3905 489 3958 simulacris
507 3905 565 3959 scil.
584 3911 609 3958 et
627 3905 658 3956 in
675 3905 785 3970 stateris,
803 3905 833 3956 in
855 3904 954 3972 paribus
973 3903 1112 3971 insculpta
1136 3908 1202 3955 suni
1219 3918 1269 3954 no·

119 3997 205 4061 urina,
220 4000 246 4048 et
258 3994 290 4045 in
305 3992 416 4060 tabulis,
435 3995 467 4046 in
485 3993 584 4061 quibus
602 3993 726 4060 depictae
743 3999 809 4046 eam
821 3993 944 4060 ,sabatae
961 3999 1081 4046 raetorum
1101 3998 1269 4045 mortuoram

122 4086 153 4136 19
176 4084 310 4137 Iunonem
332 4082 481 4150 <uxorem>
502 4083 559 4134 eius
582 4098 654 4149 auspi.
678 4082 743 4149 Eup
815 4083 850 4134 20
879 4081 978 4134 aeriam
1003 4080 1039 4132 Μ
1109 4082 1268 4148 21aquam

120 4173 188 4240 ΜΓ,
209 4171 342 4242 aquarii
409 4172 443 4225 23
468 4169 554 4224 Osiris
573 4170 620 4238 ΕΙ,
645 4171 725 4222 ostris
745 4171 786 4235 M,
812 4170 903 4224 Osirin
922 4170 963 4224 Ri
1026 4170 1060 4221 26
1084 4170 1197 4221 naturae
1217 4183 1269 4222 orn.

121 4261 148 4313 F
219 4261 317 4314 mitrae
337 4260 378 4324 M,
397 4261 464 4313 mire
483 4260 512 4312 1³

1183 4361 1231 4414 20*
