3250 4959
356 402 399 466 20
586 398 703 465 Quinti
722 398 868 469 Septimi
886 397 1060 452 Florentia
1078 396 1286 452 Tertulliani

357 592 475 659 Christi
488 592 646 675 patientia
658 590 792 671 induxit,
814 610 898 674 spes,
918 610 1013 675 qnam
1027 590 1166 657 hominis
1180 590 1335 673 patientia
1348 594 1505 674 expectat,

358 700 499 779 dilectio,
523 718 619 783 quam
642 698 702 765 deo
723 698 879 784 magistro
901 698 1056 782 patientia
1078 698 1258 765 comitatur.

403 802 454 873 13
488 806 599 889 Usque
629 805 694 871 hnc
726 804 764 871 do
797 804 950 890 patientia
976 808 1103 869 tantum
1130 803 1270 887 simplici
1296 806 1331 869 et
1356 802 1505 869 oniiornri

356 920 390 980 et
412 916 537 979 tantum
560 913 593 978 in
617 914 722 983 animo
746 913 936 990 constituta,
959 932 1033 978 cnm
1056 912 1188 977 undem
1208 912 1306 977 etiarn
1323 911 1355 976 in
1375 930 1505 994 corpore

357 1020 545 1087 demerendo
583 1018 710 1091 domino
747 1019 972 1104 multipliciter
1005 1019 1238 1097 adlaboremus,
1275 1021 1388 1103 utpote
1424 1036 1506 1101 quae
1537 1034 1549 1073 ⁵

357 1128 396 1194 ab
418 1128 489 1212 ipso
513 1126 640 1193 domino
659 1126 692 1192 in
711 1126 853 1209 corporis
873 1145 1000 1210 quoque
1017 1126 1140 1191 uirtute
1158 1125 1244 1192 edita
1262 1128 1322 1206 est,
1346 1123 1506 1209 siquidem

356 1238 461 1300 rector
492 1234 619 1301 animus
649 1233 744 1301 iacile
771 1232 988 1299 communicat
1015 1233 1150 1316 spiritus
1171 1232 1299 1298 inuecta
1321 1251 1394 1301 cum
1417 1231 1506 1297 holri-

357 1341 464 1407 taculo
504 1359 574 1409 suo.
612 1358 692 1425 quae
727 1340 829 1425 igitur
865 1339 1043 1425 negotiatio
1078 1340 1251 1422 patientiae
1282 1340 1315 1403 in
1352 1339 1505 1421 corpore?

357 1446 505 1531 inprimis
551 1446 723 1513 adflictatio
770 1444 885 1524 carnis,
922 1446 1029 1513 hostia
1068 1446 1195 1511 domino
1236 1445 1411 1529 placatoria
1451 1464 1507 1529 per

357 1552 589 1624 humiliationis
622 1552 825 1632 sacrificium,
862 1570 942 1617 cum¹
969 1552 1079 1619 sordes
1111 1571 1185 1618 cnm
1218 1552 1368 1637 angustia
1397 1551 1505 1617 nictus
1526 1564 1550 1603 ¹⁰

359 1658 485 1725 domino
517 1658 607 1735 libat,
641 1662 791 1727 contenta
818 1658 957 1743 simplici
983 1658 1104 1742 pabulo
1128 1678 1272 1743 puroque
1294 1676 1394 1741 aquae
1416 1662 1506 1743 potu,

359 1784 431 1831 cum
463 1765 582 1831 ieiunia
614 1766 790 1851 coniungit,
823 1784 898 1833 cnm
929 1764 1028 1831 cineri
1059 1769 1093 1831 et
1120 1784 1215 1831 sacco
1239 1764 1397 1831 inolescit
1428 1765 1508 1831 haec

359 1872 512 1957 patientia
535 1874 678 1957 corporis
698 1872 897 1955 procationes
921 1872 1132 1949 commendat,
1157 1872 1394 1956 deprecationes
1416 1870 1508 1937 adfir-

358 1985 440 2056 matc
463 1979 542 2045 haec
565 1997 657 2045 aures
682 1978 801 2049 Christi
823 1980 890 2063 (et)
912 1978 964 2044 dei
981 1978 1094 2063 aperit,
1117 1978 1321 2044 seueritatem
1340 1978 1509 2063 dispergit,

361 2084 562 2154 clementiam
600 2085 699 2151 elicit.
737 2086 784 2151 sic
820 2086 877 2151 ille
912 2104 965 2153 rex
995 2084 1193 2170 Babylonius
1226 2084 1345 2151 offenso
1377 2085 1508 2152 domino
1528 2095 1553 2135 ¹⁵

361 2212 433 2259 cnm
458 2193 605 2277 squalore
628 2196 661 2258 et
683 2192 820 2277 paedore
842 2192 989 2277 septenni
1005 2192 1046 2257 ab
1061 2192 1201 2258 humana
1217 2191 1509 2268 iormoexulaasst,

358 2300 525 2365 immolata
555 2298 710 2382 patientia
741 2298 882 2381 corporis
914 2299 967 2364 sui
999 2301 1032 2366 et
1061 2317 1197 2383 regnum
1228 2297 1429 2381 recuperauit
1464 2302 1510 2373 et,

361 2406 445 2490 quod
478 2406 651 2489 optabilius
683 2406 805 2472 homini
838 2409 898 2485 cst,
931 2406 1011 2476 satis
1039 2405 1099 2472 deo
1121 2404 1208 2471 fecit.
1240 2405 1305 2471 ianr
1328 2404 1510 2470 stultiores

361 2517 393 2578 et
424 2512 582 2579 feliciores
616 2511 732 2598 gradus
765 2512 938 2596 corporalis
969 2512 1141 2595 patientiae
1173 2511 1366 2597 digeramus,
1397 2510 1510 2576 eadem

361 2619 524 2685 sanctitati
561 2638 685 2702 quoqne
727 2623 894 2702 praecuret
934 2618 1162 2685 continentiam
1202 2618 1320 2685 carnis:
1361 2618 1439 2683 lraec
1475 2621 1511 2683 et
1526 2626 1552 2669 ὓ

360 2724 492 2793 uiduam
519 2728 607 2790 tenet
634 2730 666 2790 et
688 2724 846 2810 uirginem
869 2724 1019 2809 adsignat
1040 2730 1073 2790 st
1095 2725 1312 2793 uoluntarium
1336 2724 1514 2809 spadonem

361 2831 400 2895 ad
432 2850 530 2915 regna
562 2830 641 2896 caeli
669 2831 764 2895 leuat
797 2832 883 2913 quod
907 2830 947 2897 de
967 2831 1088 2897 untute
1115 2831 1212 2897 animi
1241 2831 1333 2897 uenit
1360 2830 1393 2895 in
1416 2849 1513 2896 carne

361 2936 534 3019 perficitur.
550 2938 653 3003 carnis
666 2936 823 3021 patientia
834 2937 867 3003 in
880 2938 1160 3021 persecutionibus
1174 2938 1311 3021 denique
1327 2936 1514 3022 proeliatur.

361 3044 390 3108 si
422 3045 500 3128 fuga
530 3047 654 3128 urgeat,
686 3044 891 3111 incommoda
916 3044 1013 3128 togas
1041 3062 1113 3109 caro
1136 3044 1265 3110 militat
1297 3045 1326 3109 si
1348 3048 1383 3109 et
1403 3062 1516 3110 carcer

454 3201 498 3272 15]
519 3201 553 3255 ef.
572 3200 642 3255 Dan.
662 3203 687 3266 4,
707 3202 742 3256 25
762 3219 822 3273 sqq.
877 3202 923 3272 21]
944 3200 980 3257 ci.
997 3200 1097 3258 Matth.
1117 3202 1159 3271 19,
1179 3201 1221 3256 12.

401 3308 413 3361 1
442 3305 560 3361 hominis
592 3308 728 3379 patientia
760 3311 887 3377 expectat
913 3308 949 3373 Β,
977 3307 1080 3362 homini
1109 3308 1229 3379 patienti
1257 3307 1366 3362 induxit
1392 3306 1521 3364 PMNF

363 3397 380 3451 3
398 3400 505 3451 tantum
523 3397 602 3467 Fmffi
620 3397 730 3452 tandem
744 3396 866 3451 PMNF
917 3400 935 3451 4
954 3397 1049 3452 eadem
1063 3396 1104 3452 R'
1156 3400 1173 3453 5
1193 3396 1381 3451 allaboramus
1397 3398 1517 3467 scripsi:

363 3486 519 3542 adlaborem
536 3485 701 3551 PMNFR&
721 3485 865 3541 adlaborot
881 3484 924 3542 Β8
975 3488 993 3542 o
1011 3493 1099 3543 totum
1116 3487 1169 3543 loce
1184 3488 1283 3542 hem
1296 3486 1365 3542 indo
1381 3504 1401 3540 a
1416 3488 1517 3543 uerbis

364 3578 483 3645 eorporis
506 3592 614 3646 quoque
636 3592 722 3643 supra
745 3576 784 3631 ud
805 3576 957 3646 prophetae
980 3593 1050 3646 qnae
1073 3580 1116 3645 (p.
1136 3579 1179 3637 21,
1197 3578 1239 3644 11)
1261 3576 1295 3630 isc
1316 3574 1438 3631 PMNF
1452 3592 1516 3631 noea

363 3672 516 3734 comparet·
539 3665 636 3720 accur
658 3664 727 3719 haec
745 3665 866 3733 pamma
888 3665 974 3719 editio
990 3665 1191 3720 Menoecea
1209 3664 1259 3733 (Β)
1276 3680 1311 3721 ιω
1326 3665 1420 3721 ecdico
1434 3682 1518 3722 m

365 3754 504 3823 deperdito
569 3753 702 3824 'ispiritn
720 3753 785 3824 Erip
848 3754 867 3809 9
884 3754 1035 3811 adflictatio
1056 3752 1119 3809 oet.-
1139 3754 1290 3809 adfectatio
1306 3754 1333 3809 B
1397 3753 1431 3809 10
1451 3770 1516 3809 euru

367 3841 433 3899 Gal:
450 3860 498 3897 cnr
515 3842 546 3897 Β
598 3844 629 3897 11
650 3846 781 3898 contentu
802 3842 868 3901 Gai:
886 3847 1013 3899 contecta
1029 3844 1059 3897 Β
1110 3859 1233 3913 puroque
1251 3860 1338 3913 aquae
1357 3841 1423 3897 001:
1443 3859 1517 3912 puro

365 3948 472 4000 quoque
489 3931 518 3983 B
572 3932 606 3987 14
625 3930 727 3987 Christi
744 3934 814 4001 (et)
830 3932 875 3987 dei
893 3934 968 3988 Iure:
985 3931 1088 3988 Christi
1106 3930 1150 3986 dai
1164 3932 1199 3995 B,
1214 3930 1316 3989 cumn
1328 3931 1399 3999 jort.
1417 3930 1518 3987 delen·

366 4020 432 4073 cm
505 4021 539 4074 15
561 4020 637 4079 elicit
662 4019 728 4080 cet:
751 4022 832 4091 eligit
853 4022 883 4075 Β
954 4022 988 4076 19
1016 4020 1170 4091 digeramus
1201 4020 1267 4077 cel:
1297 4021 1459 4090 elegeramus
1489 4023 1519 4077 B

366 4108 401 4162 20
420 4112 562 4177 praecuret
579 4109 615 4173 Β,
633 4113 761 4179 procurat
782 4110 834 4169 Get
922 4110 958 4165 24
974 4108 1146 4179 (aduersus)
1161 4108 1334 4165 incommoda
1349 4107 1420 4179 Rip:
1439 4110 1520 4177 (ιά)

365 4196 536 4251 incommoda
561 4198 704 4265 Ocltlcrrca,⁸
725 4199 774 4255 aed
795 4200 886 4254 caco
910 4216 949 4252 an
967 4214 1019 4267 per
1041 4197 1147 4267 &auus
1169 4213 1251 4266 paam
1273 4196 1390 4253 aarum
1411 4204 1517 4266 etprae-

366 4286 471 4356 topicae
490 4287 642 4341 liberiorem
658 4304 738 4342 scum
751 4288 802 4341 hoc
820 4287 923 4342 dicrum
940 4288 977 4341 sit
