3250 4959
391 373 452 430 VII.
471 374 640 430 Aduersus
658 375 860 430 Marcionem
876 374 924 428 lib.
938 373 996 430 1111
1013 375 1057 430 34.
1232 377 1296 444 537

151 576 185 640 ot
215 573 384 640 transitum
416 573 577 655 utrimque
607 571 782 655 probibere.
815 569 873 636 sed
903 589 962 636 nec
993 569 1177 636 adleuasaet
1207 570 1298 636 diues

151 681 262 748 oculos
295 683 328 746 et
360 678 489 762 quidem
525 679 563 744 de
599 678 781 762 longinquo,
821 677 884 743 nisi
919 677 952 743 in
997 677 1161 759 superiora
1196 686 1230 742 et
1260 677 1299 742 de

150 786 329 852 altitudinis
351 786 525 870 longinquo
548 803 605 868 per
626 785 802 850 inmensam
824 785 914 850 illam
942 783 1128 850 distantiam
1155 783 1299 849 sublimi·

150 894 227 959 tatis
256 897 289 959 et
314 891 548 975 profunditatis.
582 890 665 957 unda
689 893 820 973 apparet
841 891 979 973 sapienti
1002 889 1127 972 cuique,
1164 889 1219 972 qui
1241 890 1299 955 cli·

122 1021 135 1060 a
152 1000 278 1083 quando
293 999 420 1082 Elysios
434 997 581 1076 audierit,
600 1016 670 1063 esse
684 997 822 1081 aliquam
841 997 976 1064 localem
994 997 1299 1072 determinationem,

151 1125 234 1189 quae
260 1107 350 1172 sinus
378 1104 464 1170 dicta
486 1105 530 1172 sit
551 1105 706 1183 Abrahae,
734 1104 774 1170 ad
795 1103 991 1187 recipiendas
1016 1103 1137 1169 animus
1160 1103 1299 1170 filiorum

151 1214 233 1291 eius,
264 1213 359 1278 etium
398 1230 434 1276 er
468 1211 661 1289 nationibus,
697 1210 797 1292 patris
835 1210 959 1276 scilicet
988 1211 1164 1276 multarum
1200 1210 1300 1276 natio·

151 1338 240 1397 num,
266 1317 299 1384 in
322 1318 467 1384 Abrabae
495 1336 625 1382 censum
653 1316 906 1400 deputandarum
938 1314 996 1404 [et]
1027 1337 1063 1382 er
1086 1315 1197 1382 eadem
1227 1316 1299 1391 lide,

152 1445 215 1507 qua
251 1429 284 1491 et
318 1425 478 1492 Abrabam
511 1425 569 1489 deo
607 1423 752 1502 credidit,
789 1424 877 1488 nullo
914 1424 975 1492 sub
1011 1423 1088 1508 iugo
1124 1423 1207 1507 legis
1243 1441 1300 1489 uec

106 1555 133 1594 ιο
150 1531 183 1595 in
216 1530 308 1614 signo
339 1529 600 1596 circumcisionis.
637 1547 706 1594 eam
738 1529 846 1612 itaque
876 1529 1050 1613 regionem,
1084 1529 1192 1596 sinum
1230 1529 1299 1594 dico

150 1637 307 1716 Abrahae,
335 1637 396 1703 etsi
418 1654 480 1702 non
504 1635 683 1716 caelestem,
710 1634 930 1701 sublimiorem
953 1640 1060 1702 tamen
1081 1635 1202 1717 inieris,
1222 1635 1298 1702 inte

151 1745 212 1809 rim
242 1743 443 1828 refrigerium
470 1745 620 1827 praebere
648 1743 814 1810 animabus
844 1743 1003 1809 iustorum
1030 1763 1064 1820 a,
1097 1742 1197 1808 donec
1229 1761 1300 1808 con-

151 1850 324 1916 summatio
346 1869 452 1916 rerum
475 1850 738 1916 resurrectionem
762 1849 906 1914 omnium
925 1848 1121 1931 plenitudine
1144 1848 1299 1914 mercedis

153 1961 323 2042 expungat,
346 1959 424 2022 tunc
448 1958 629 2041 apparitura
647 1956 780 2022 caelesti
798 1956 1021 2038 promissione,
1039 1991 1084 2004 -
1103 1975 1198 2038 qnam
1216 1955 1301 2022 Mar·

106 2088 134 2130 aa
153 2065 224 2128 cion
244 2083 305 2130 suo
321 2064 414 2147 (deo)
431 2063 582 2143 uindicat,
604 2065 696 2146 quari
714 2081 775 2128 non
796 2066 974 2128 aoreatore
991 2063 1237 2146 promulgatam,
1255 2097 1298 2110 ·-

152 2172 191 2236 ad
234 2191 329 2254 qnam
370 2189 537 2238 ascensum
580 2189 675 2236 suum
717 2169 865 2236 Christus
907 2169 1058 2236 aedificat
1096 2169 1129 2234 iu
1176 2169 1299 2234 caelum
1408 2231 1412 2242 ,

152 2277 328 2344 secundum
362 2276 455 2354 Osee,
487 2277 599 2360 utique
631 2278 710 2356 suis,
743 2276 798 2342 ubi
827 2280 879 2342 est
899 2280 933 2342 et
954 2276 1045 2342 locus
1070 2279 1230 2353 aeternus,
1262 2275 1299 2338 dc

154 2385 356 2468 quollsaias:
372 2385 465 2468 quis
485 2385 752 2450 adnuntiabit
770 2384 890 2449 uobis
909 2385 1044 2450 locum
1066 2383 1300 2448 aetornum?

153 2492 354 2558 nisisoilicet
369 2491 527 2569 Christus,
542 2491 734 2556 incedens
753 2489 987 2567 iniustitia,
1002 2489 1300 2573 loquensuiam

108 2601 317 2676 arrectum,
352 2597 443 2664 odio
478 2598 628 2664 habens
656 2597 917 2662 iniustitiam
951 2602 991 2662 et
1022 2597 1301 2680 iniquitatem.

154 2705 270 2789 quodsi
300 2709 446 2772 aeternus
478 2705 570 2772 locus
601 2705 833 2786 repromittitur
864 2707 898 2769 et
929 2724 1080 2770 ascensus
1111 2704 1145 2768 in
1177 2703 1299 2769 caelum

154 2812 339 2878 aedificatur
357 2816 544 2888 caractere,
568 2811 774 2894 promittente
794 2812 891 2875 stiam
909 2830 1017 2875 semen
1035 2809 1182 2874 Abrahae
1201 2810 1302 2874 ‘uelut

154 2917 265 2984 stellas
285 2919 374 2984 caeli‘
393 2919 546 2997 futurum,
561 2918 673 3000 utique
693 2917 731 2982 ob
752 2919 923 2981 caelestem
941 2916 1196 2999 promissionem,
1211 2916 1300 2982 salua

154 3044 192 3090 ea
218 3026 428 3108 promissione
456 3043 512 3090 our
533 3043 595 3089 non
619 3024 725 3106 capiat
746 3023 852 3088 sinum
873 3022 1019 3089 Abrahae
1042 3022 1105 3086 dici
1128 3021 1300 3104 temporale

106 3165 134 3206 ω
154 3131 283 3214 aliquod
301 3133 477 3198 animarum
495 3131 636 3196 fidelium
655 3131 903 3214 receptaculum,
921 3130 953 3194 in
973 3147 1037 3212 qno
1054 3129 1119 3193 iam
1134 3127 1298 3192 delinietur

155 3238 255 3304 futuri
276 3239 382 3325 imago
407 3255 443 3303 ao
467 3235 600 3302 candida
624 3235 779 3318 quasdam
802 3234 970 3317 utriusqus
993 3233 1106 3300 iudicii
1129 3232 1301 3316 prospicia-

245 3482 272 3552 7]
294 3482 327 3536 ci.
347 3480 414 3536 Gan.
435 3481 477 3546 17,
495 3482 520 3536 4.
541 3481 574 3535 ci,
593 3479 670 3534 Rom.
689 3481 715 3544 4,
736 3479 778 3533 17.
834 3479 863 3548 9]
884 3477 917 3532 ci.
937 3477 1013 3532 Item.
1032 3477 1058 3541 4,
1073 3477 1099 3532 3.
1172 3475 1302 3529 ciltom.

155 3573 182 3632 4,
203 3571 244 3626 13.
326 3570 371 3640 10]
392 3570 567 3633 ci.Rom.4,
588 3569 628 3624 ll.
713 3569 758 3638 16]
779 3568 814 3622 ci.
832 3567 892 3622 Am.
912 3568 937 3636 9,
956 3568 982 3623 d.
1066 3565 1111 3634 18]
1131 3563 1176 3620 Eo.
1195 3565 1239 3628 33,
1258 3563 1302 3616 14.

156 3661 202 3730 19]
221 3659 268 3714 us.
287 3661 330 3724 33,
352 3661 393 3715 15.
448 3659 494 3729 22]
515 3659 549 3714 ci.
570 3659 635 3714 Gen.
655 3660 699 3723 22,
719 3659 762 3713 17.

193 3832 206 3884 1
227 3832 362 3900 utrimque
380 3831 429 3894 113,
447 3833 592 3898 utrumque
611 3827 685 3882 11111ι
748 3828 765 3882 8
784 3832 814 3882 ct
830 3828 930 3884 acolaci
993 3829 1025 3882 ll
1045 3829 1096 3883 etsi
1115 3827 1200 3894 11111,
1218 3831 1247 3882 et
1264 3827 1301 3883 111

157 3921 190 3976 12
214 3920 343 3989 praebere
365 3921 477 3988 scripsi:
495 3923 636 3990 praeterea
653 3916 736 3980 Mitt
755 3916 940 3988 praebituram
959 3916 998 3972 111
1015 3919 1100 3988 culpo
1171 3917 1302 3972 lacunam

154 4011 284 4082 moui:
311 4010 500 4064 contendimus
526 4008 573 4064 oct
604 4008 661 4063 talc
689 4007 798 4076 aliquid
825 4005 950 4061 desidero
1041 4008 1073 4060 15
1106 4005 1157 4060 deo
1190 4005 1305 4060 addidi:

156 4098 266 4154 Gbristc
287 4097 353 4153 add.
375 4097 539 4154 caecentur
628 4094 997 4168 promulgatam.aduu190
1093 4095 1126 4147 17
1146 4093 1217 4148 Osee
1235 4094 1306 4159 MR,

155 4191 239 4242 druos
257 4188 331 4244 Pam
403 4187 436 4240 21
455 4187 657 4257 repromittitur
674 4183 720 4248 R³,
740 4184 947 4256 repromittatur
964 4181 1037 4237 MR¹
1110 4182 1250 4244 261111,
1270 4183 1305 4236 ad

155 4276 221 4330 MF
290 4275 421 4348 quaedam
441 4275 476 4338 11,
497 4275 613 4346 quadam
631 4273 696 4328 MF
