3250 4959
307 412 371 474 334
535 406 651 472 Quinti
671 407 810 478 Septimi
829 407 999 462 Florentis
1019 405 1221 462 Tertulliani

306 603 352 668 ita
379 603 520 681 dixerim,
552 603 716 681 inciderat,
746 602 927 685 quisalius
953 603 1031 668 deus
1054 622 1115 667 non
1139 606 1227 668 erat?
1260 605 1290 668 2.
1315 608 1349 668 at
1371 623 1448 670 nuuc

305 709 471 793 negotium
499 710 620 792 patitur
643 708 722 773 deus
751 709 961 791 omnipotens,
991 709 1138 774 dominus
1163 713 1195 774 et
1218 710 1362 775 conditor
1385 713 1450 776 nni-

306 816 482 883 uersitatis.
518 816 591 880 ideo
620 818 755 892 tantum,
784 816 904 897 opinor,
935 814 1010 896 quia
1037 816 1250 898 aprimordio
1273 818 1368 880 notus
1393 823 1451 893 est,

308 923 382 1005 quia
404 941 578 1005 numquam
601 921 709 994 latuit,
733 920 809 1003 quia
832 941 957 1003 semper
979 922 1102 996 inluxit,
1128 923 1224 986 etiam
1247 925 1318 987 ante
1338 923 1453 988 Romu-

307 1029 374 1093 lum
398 1028 517 1111 ipsum,
545 1029 662 1092 nedum
686 1031 757 1091 ante
780 1027 958 1104 Tiberium3
992 1029 1053 1092 nisi
1078 1027 1163 1110 quod
1186 1029 1263 1094 solis
1286 1029 1452 1094 haereticis
1479 1053 1491 1092 s

307 1134 454 1220 cognitus
482 1155 543 1201 non
573 1139 633 1213 est,
667 1134 721 1218 qni
750 1135 779 1198 ei
807 1134 972 1218 negotium
999 1135 1130 1211 faciunt,
1160 1139 1326 1220 propterea
1356 1137 1452 1200 alium

306 1241 401 1308 deum
433 1243 652 1307 existimantes
687 1242 963 1324 praesumendum,
996 1241 1071 1324 quia
1104 1260 1198 1324 quern
1231 1246 1357 1308 constat
1384 1263 1452 1308 esse

306 1349 532 1432 reprehendere
560 1348 663 1433 magis
690 1350 827 1428 possunt
850 1366 943 1429 quarn
968 1367 1093 1432 negare,
1124 1347 1163 1412 de
1187 1349 1317 1413 arbitrio
1341 1367 1452 1414 sensus

308 1455 358 1520 sui
395 1456 591 1538 pensitantes
629 1455 736 1530 deum,
773 1453 904 1535 proinde
937 1458 1032 1537 atque
1065 1455 1093 1518 si
1126 1473 1239 1520 caecus
1271 1455 1371 1537 aliqui
1403 1455 1453 1520 uel

306 1561 507 1626 fluitantibus
526 1561 628 1625 oculis
646 1559 718 1624 ideo
737 1560 833 1624 alium
855 1561 955 1625 solem
974 1579 1174 1642 praesumere
1192 1561 1273 1626 uelit
1294 1561 1452 1626 mitiorem
1469 1585 1492 1624 n

306 1671 341 1731 et
362 1667 582 1747 salubriorem,
611 1666 686 1749 quia
714 1686 807 1748 quem
832 1666 940 1731 uideat
962 1686 1023 1731 non
1045 1667 1145 1732 uidet.
1182 1669 1298 1733 unicus
1323 1667 1372 1732 sel
1395 1673 1453 1744 est,

308 1774 455 1850 chamo,
484 1774 539 1856 qui
567 1774 720 1839 mundum
749 1774 833 1837 hunc
857 1778 1026 1856 temperat:
1051 1777 1083 1838 et
1111 1775 1235 1857 quaudo
1263 1793 1325 1838 non
1348 1779 1453 1856 putas,

309 1881 449 1963 optimus
473 1885 505 1945 et
528 1882 630 1957 utilis,
655 1885 782 1945 etcum
811 1881 872 1945 tibi
905 1881 1006 1945 acrior
1038 1885 1071 1945 et
1102 1881 1246 1946 infestior
1277 1883 1332 1945 uel
1360 1882 1452 1946 etiam

308 1986 463 2051 sordidior
491 1991 585 2070 atque
609 1987 797 2068 corruptior,
833 1987 950 2052 rationi
979 1992 1085 2052 tamen
1111 2005 1188 2053 suae
1210 2007 1268 2070 par
1291 1991 1349 2052 cst
1386 2005 1452 2051 earn

308 2094 336 2158 si
363 2097 402 2158 tu
428 2094 606 2177 perspicere
635 2112 696 2158 non
723 2093 823 2170 uales,
853 2093 916 2157 iam
944 2112 1001 2158 nec
1030 2094 1129 2160 ullius
1153 2093 1284 2158 alterius
1308 2093 1396 2169 solis,
1426 2081 1453 2158 si
1471 2115 1491 2155 a

307 2199 361 2281 qui
376 2200 501 2277 brissei,
520 2200 627 2264 radios
646 2200 803 2264 sustinere
823 2200 996 2282 potuisses,
1015 2201 1126 2283 utique
1146 2200 1283 2265 maioris.
1307 2219 1378 2264 nam
1399 2201 1453 2282 qui

307 2307 371 2390 (in)
384 2307 564 2372 inferiorem
584 2307 678 2371 deum
694 2307 845 2382 caecutis,
862 2308 937 2388 quid
952 2307 982 2370 in
999 2307 1240 2373 sublimiorem?
1256 2307 1330 2388 quin
1346 2307 1452 2391 potius

308 2412 485 2477 infirmitati
514 2417 587 2478 tuae
615 2413 718 2495 parcis
750 2431 807 2478 nec
839 2413 871 2476 in
903 2414 1080 2496 periculum
1115 2413 1302 2490 extenderis,
1336 2413 1452 2478 habens

310 2520 402 2584 deum
432 2523 555 2584 certum
583 2523 616 2583 et
642 2519 857 2584 indubitatum
887 2524 918 2582 et
945 2521 1005 2584 hoc
1033 2519 1103 2602 ipso
1128 2520 1207 2584 satis
1231 2520 1350 2596 uisum,
1382 2539 1453 2584 cum

308 2627 341 2690 id
355 2627 491 2711 primum
509 2626 719 2708 conspexeris,
739 2645 811 2690 eum
834 2645 914 2702 esse,
934 2645 1027 2707 quem
1047 2644 1108 2690 non
1129 2625 1212 2690 scias
1227 2626 1289 2690 nisi
1305 2629 1452 2710 exparte.
1472 2649 1495 2687 a

310 2752 372 2814 qua
399 2733 504 2796 uoluit
530 2733 621 2815 ipse?
658 2733 714 2796 sed
739 2732 833 2796 deum
858 2733 984 2814 quidem
1008 2736 1045 2796 ut
1069 2733 1173 2796 sciens
1197 2751 1258 2798 non
1282 2751 1390 2816 negas,
1417 2737 1455 2796 ut

309 2840 452 2905 nesciens
484 2844 647 2919 retractas,
680 2841 777 2903 immo
811 2844 845 2903 et
876 2859 1007 2903 accusas
1036 2840 1126 2921 quasi
1156 2839 1271 2915 sciens,
1305 2859 1397 2922 quem
1427 2839 1454 2903 si

310 2947 420 3022 scires,
447 2967 509 3011 nou
538 2965 713 3023 accusares,
742 2947 838 3010 immo
868 2965 925 3010 nec
948 2950 1146 3012 retractares.
1183 2945 1319 3009 reddens
1343 2964 1454 3010 nomen

309 3053 357 3117 illi
384 3073 481 3137 negas
510 3053 721 3117 substantiam
751 3051 897 3130 nominis,
930 3052 963 3115 id
992 3055 1041 3116 est
1065 3051 1327 3134 magnitudinem.
1362 3045 1454 3138 [quae

310 3158 387 3224 deus
417 3159 544 3238 dicitur]
574 3179 635 3223 non
662 3162 783 3223 tantam
812 3177 881 3222 eam
910 3177 1094 3240 agnoscens.
1129 3161 1277 3241 quantam
1308 3157 1335 3222 si
1359 3159 1452 3222 bomo
1470 3181 1496 3220 aa

310 3265 506 3330 omnifariam
527 3284 622 3330 nosse
641 3264 808 3348 potuisset,
823 3265 1009 3347 magnitudo
1029 3284 1089 3329 non
1110 3269 1203 3330 esset.
1218 3265 1286 3347 ipse
1300 3264 1454 3346 (Esaias.)

344 3511 362 3562 2
380 3511 521 3578 negotium
541 3509 644 3579 patitur
661 3525 696 3561 sc.
717 3509 753 3560 ab
771 3509 950 3562 Marcionitis
1008 3509 1025 3562 3
1044 3511 1124 3561 natus
1143 3506 1174 3560 F
1225 3509 1241 3561 8
1259 3507 1452 3577 reprehendere

310 3599 358 3660 12³,
376 3598 626 3665 reprehendendum
645 3596 719 3651 MR²
773 3597 1020 3666 9pensirantLat
1091 3595 1203 3665 proinde
1223 3601 1304 3666 atque
1323 3597 1452 3650 sicaecus

311 3688 394 3756 aliqui
408 3689 520 3759 scripsi:
535 3687 623 3756 aliqui
634 3687 746 3755 proinde
761 3692 844 3755 atque
859 3687 881 3739 si
897 3703 991 3740 caecus
1001 3686 1070 3753 MR,
1084 3686 1254 3756 pensitantes
1274 3685 1353 3739 deum
1370 3685 1451 3754 aliqui

312 3780 357 3840 (ε
372 3776 462 3845 aliquo
482 3773 583 3842 modo),
603 3773 715 3843 proinde
729 3775 794 3844 Eup
850 3775 935 3828 caecis
954 3773 1112 3828 Salmasius
1159 3775 1189 3826 ll
1211 3789 1289 3842 quem
1308 3773 1386 3827 uidet
1403 3789 1453 3826 non

311 3863 404 3918 uideat
415 3867 487 3933 sori.
536 3865 568 3917 14
584 3872 625 3917 cst
638 3865 710 3932 sort.
725 3863 870 3917 delendum
917 3865 949 3916 15
968 3867 989 3916 si
1006 3863 1093 3926 cum,
1113 3861 1322 3918 tusiR.tuF
1374 3862 1452 3915 ullius

310 3953 359 4017 Ri,
382 3954 456 4006 illius
481 3952 554 4007 MR¹
628 3955 661 4006 16
684 3970 746 4006 nam
769 3955 829 4006 aare
852 3953 935 4006 dabie
958 3957 1130 4019 corruptam:
1148 3951 1214 4004 item
1233 3951 1317 4004 uelim
1335 3950 1453 4012 rescribi,

311 4044 365 4094 iam
382 4059 455 4109 saep.
476 4043 541 4112 Eup
608 4043 640 4094 ll
659 4042 687 4094 in
707 4041 861 4094 inferiorem
881 4041 916 4106 R,
935 4039 1088 4094 inferiorem
1108 4039 1172 4092 ΜΡ
1230 4041 1262 4093 19
1281 4039 1332 4092 hoc
1351 4055 1402 4094 aaa.
1421 4037 1456 4090 M

310 4131 343 4183 ‘ll
372 4131 440 4199 ipse.
468 4131 516 4184 sed
542 4131 627 4199 aulpo
700 4130 787 4183 sciens
815 4129 851 4186 R.
880 4130 968 4182 scines
992 4129 1029 4180 Μ
1080 4129 1115 4181 24
1145 4127 1360 4196 magnitudinem
1384 4127 1453 4180 Lat:

311 4220 508 4288 magnitudinis
524 4220 586 4273 MR
659 4237 727 4288 quae
743 4218 809 4271 deus
825 4217 924 4271 dicitur
941 4219 1040 4270 seclusi
1054 4217 1261 4285 (interpolatam
1275 4233 1331 4270 esse
1343 4215 1453 4270 uidetur

311 4325 344 4362 aa
362 4311 428 4365 299.
449 4313 494 4371 14)
551 4309 585 4360 26
604 4309 662 4377 ipsc
680 4308 816 4375 (Esaias)
832 4308 946 4374 scripsi:
966 4307 1060 4359 Esaias
1079 4305 1146 4372 Lar,
1164 4305 1223 4374 ipse
1241 4304 1305 4360 MR
