3250 4959
452 417 511 472 Vll.
531 417 702 472 Aduersus
720 415 919 472 Marcionem
938 416 985 471 lib.
1004 417 1061 471 Illl
1080 419 1123 474 25.
1295 419 1360 484 507

212 614 263 679 dei
285 615 388 698 ignoti
412 617 444 678 ct
465 616 554 678 tanto
578 617 652 695 post
676 631 753 676 aeuo
778 612 922 690 reuoluti,
947 613 976 678 si
999 632 1058 679 non
1083 617 1172 679 erant
1196 614 1360 680 consecuti

209 720 531 802 repraesentationem
555 739 675 798 eorum,
701 737 780 802 quae
809 737 984 802 numquam
1011 721 1249 802 praedicarant?
1278 739 1359 802 quae

201 829 318 890 *autem
344 825 462 891 fuisset
488 825 625 890 felicitas
653 842 773 902 eorum,
801 824 857 907 qui
884 827 961 889 tnnc
989 826 1149 905 uidebant,
1183 823 1276 912 [quae
1304 828 1359 891 alii

208 932 322 997 merito
356 930 474 996 uidisse
507 950 566 996 non
597 927 754 1016 poteraut]
782 929 844 995 nisi
872 932 1021 1012 quoniam
1054 933 1108 1014 qui
1132 935 1279 1015 poterant
1309 934 1356 998 ui-

177 1038 296 1106 sdisse
323 1038 482 1121 qui<dem>
510 1037 560 1102 dei
588 1038 639 1103 sui
666 1056 727 1117 rea,
761 1056 841 1120 quas
870 1039 965 1102 etiam
994 1039 1263 1121 praedicanerant‚
1296 1058 1357 1104 non

207 1148 313 1210 tamon
327 1145 493 1210 uiderant?
514 1145 590 1208 baec
611 1144 694 1208 enim
713 1143 850 1208 felicitas
871 1144 930 1209 erit
949 1144 1090 1222 illorum,
1110 1145 1185 1227 quia
1202 1145 1357 1211 uidebant

207 1270 288 1335 quae
316 1251 368 1315 alii
391 1253 515 1316 tantum
539 1251 806 1333 praedicanerant.
836 1251 973 1333 denique
1002 1253 1207 1317 ostendemus
1233 1255 1266 1317 et
1293 1252 1356 1319 iam

208 1359 413 1436 ostendimus,
428 1377 465 1423 ee
478 1357 550 1422 uisa
567 1357 599 1420 in
617 1357 755 1438 Christo,
774 1377 856 1440 quae
874 1359 1000 1423 fuerant
1018 1359 1207 1441 praedicata,
1227 1360 1356 1426 abscon-

206 1463 272 1529 dita
285 1468 390 1530 tamen
406 1468 438 1529 et
452 1464 490 1529 ab
505 1463 585 1547 ipsis
600 1465 773 1547 prophetis,
788 1467 827 1528 ut
842 1464 1110 1530 absconderentur
1128 1470 1161 1530 et
1175 1485 1193 1530 a
1207 1466 1355 1548 sapienti·

158 1599 188 1638 ro
204 1570 265 1637 bus
275 1572 588 1656 atqueprudentibus
599 1571 727 1636 soeculi.
769 1571 805 1635 In
816 1572 982 1656 euangelio
993 1573 1139 1638 ueritatis
1149 1573 1231 1656 legis
1243 1573 1355 1639 doctor

205 1679 366 1745 dominum
387 1679 573 1764 adgressus:
598 1677 687 1762 quid
705 1677 862 1754 faciens,
881 1679 997 1761 inquit,
1015 1679 1136 1744 uitam
1159 1684 1352 1745 aeternam

206 1791 433 1869 consequar?
466 1787 497 1850 in
530 1785 689 1850 haeretico
714 1785 803 1850 ‘uita'
833 1785 1035 1850 solummodo
1067 1787 1173 1869 posita
1200 1788 1352 1866 estsine

204 1896 368 1958 ‘aeternae’
391 1893 562 1970 mentione,
585 1897 623 1957 ut
646 1891 757 1957 doctor
776 1891 814 1956 de
834 1910 872 1956 ea
889 1892 958 1956 uita
976 1892 1124 1958 uideatur
1142 1893 1351 1972 consuluisse,

203 2019 284 2082 quae
307 2000 339 2063 in
363 2001 435 2083 lege
458 1999 656 2083 promittitur
676 2017 694 2061 a
713 2001 852 2063 creatore
871 1999 1038 2082 longaeua,
1063 2001 1095 2064 et
1113 1999 1260 2065 dominus
1278 1999 1350 2066 ideo

157 2107 251 2171 arilli
276 2106 450 2172 secundum
473 2107 577 2193 legem
600 2125 790 2189 responsum
819 2104 960 2170 dedisse:
989 2106 1133 2191 diliges
1160 2107 1349 2172 dominum

203 2214 311 2279 deum
334 2216 439 2278 tirum
464 2233 504 2278 ex
527 2216 609 2278 toto
634 2212 836 2278 cordetuo
861 2215 898 2276 et
920 2231 962 2276 er
984 2217 1066 2278 tota
1089 2214 1211 2278 anima
1228 2217 1295 2278 tua
1313 2216 1351 2278 et

201 2319 294 2384 totis
328 2320 477 2385 uiribus
511 2321 599 2396 tuis,
639 2320 786 2402 quoniam
822 2319 860 2382 de
893 2319 975 2403 legis
1007 2320 1076 2384 uita
1112 2320 1346 2385 sciscitabatur.

200 2427 256 2491 sed
280 2426 401 2492 sciebat
423 2426 535 2508 utique
557 2427 639 2509 legis
660 2427 779 2503 doctor,
805 2445 868 2509 quo
887 2429 980 2510 pacto
1000 2427 1101 2492 uitam
1119 2429 1256 2512 legalem
1275 2445 1347 2492 con·

200 2534 291 2616 sequi
314 2536 433 2616 posset,
457 2536 577 2598 utnon
602 2533 640 2597 de
665 2553 701 2598 ea
724 2533 963 2616 interrogasset,
987 2535 1078 2600 ouius
1103 2536 1229 2618 regulas
1250 2534 1345 2600 etiam

152 2665 181 2704 ao
200 2640 341 2706 docebat.
369 2639 425 2704 sed
454 2640 528 2722 quia
557 2642 589 2704 et
618 2639 735 2705 mortui
758 2640 822 2702 iam
847 2641 1084 2704 suscitabantur
1106 2661 1124 2705 a
1148 2640 1285 2718 Christo,
1315 2644 1347 2706 et

197 2747 373 2812 suscitatus
398 2745 437 2810 ad
460 2765 549 2828 spem
573 2749 717 2810 aeternae
740 2747 827 2810 uitae
851 2765 906 2828 per
935 2748 1076 2829 exempla
1109 2747 1269 2812 recidiuae
1298 2767 1345 2813 aa

195 2873 236 2918 ne
260 2854 333 2936 plus
357 2853 476 2934 aliquid
501 2852 734 2917 obseruationis
759 2853 896 2936 erigeret
924 2854 1092 2918 sublimior
1115 2872 1199 2935 spes,
1227 2853 1344 2920 idcirco

287 2975 315 3044 9]
336 2975 369 3030 cf.
388 2975 492 3037 neas,
510 2977 550 3028 14.
590 2974 632 3044 11]
649 2975 713 3029 Luc.
731 2975 771 3043 10,
788 2975 832 3029 25.
870 2975 915 3043 14]
932 2975 964 3029 cl.
981 2975 1065 3029 Exod.
1080 2977 1124 3043 20,
1142 2978 1183 3030 12.
1221 2977 1265 3045 15]
1279 2977 1345 3031 Luc.

199 3064 241 3132 10,
261 3065 303 3118 21.
323 3064 357 3118 cl.
377 3065 458 3118 Dent.
478 3065 503 3126 6,
524 3067 547 3119 5.
1143 3082 1147 3087 ’

235 3155 246 3208 1
259 3153 345 3207 uerba
354 3154 377 3206 si
386 3151 674 3222 non-praedicarant,
684 3169 755 3222 quoe
765 3153 796 3206 t'n
806 3151 869 3206 MR
874 3154 965 3221 poulo
974 3154 1055 3220 infra
1061 3160 1126 3222 poet
1135 3155 1232 3208 merito
1243 3153 1345 3208 uidisse

197 3259 251 3297 nou
271 3246 398 3313 poterant
412 3243 546 3310 lapidatur,
560 3243 614 3296 buc
628 3241 763 3296 transtuli
817 3243 834 3295 3
849 3241 917 3310 quid
935 3243 980 3296 bic
997 3243 1051 3296 eibi
1068 3243 1158 3296 uelint
1170 3243 1258 3296 mbo
1276 3258 1345 3311 quac

198 3331 245 3385 ulii
258 3332 355 3385 merito
370 3331 471 3384 uidisse
485 3348 537 3384 non
552 3335 687 3400 poterant,
703 3347 759 3384 noos
774 3330 870 3395 uidem
884 3330 1036 3384 substituto
1051 3331 1118 3385 baec
1131 3337 1203 3399 puto
1223 3347 1242 3383 a
1259 3331 1344 3385 sciolo

196 3419 316 3490 quodam
329 3435 384 3488 pro
402 3420 493 3472 uobis
512 3435 580 3488 quae
599 3436 744 3487 numquam
764 3418 963 3489 praedicarant,
981 3420 1013 3473 ia
1032 3421 1132 3488 witeca
1144 3420 1205 3473 iure
1218 3419 1344 3489 offendit,

195 3515 342 3579 postquam
349 3509 486 3578 petruinus
496 3507 562 3562 ordo
572 3507 718 3562 uotorum
727 3513 786 3562 erut
797 3508 927 3562 turbatus
961 3509 978 3562 4
989 3509 1035 3578 qui
1043 3534 1077 3556 =
1085 3510 1117 3571 ei,
1125 3509 1259 3578 qai;olim
1265 3509 1346 3562 uolui

196 3599 333 3668 supplere:
343 3598 468 3668 quoniam
477 3599 593 3664 (erant)
602 3598 647 3667 qui
684 3598 975 3667 bqui<dem>scmpeit
985 3599 1030 3667 qni
1038 3599 1107 3662 MR,
1118 3614 1203 3667 aeque
1217 3596 1346 3652 Oebreus

198 3689 299 3742 benim
313 3689 523 3756 contestantem
534 3687 596 3740 MR
648 3685 757 3739 illorum
766 3687 845 3755 Eoo:
859 3687 971 3740 aliorum
982 3688 1045 3741 MR
1099 3685 1282 3754 quiaecripei:
1298 3687 1344 3753 qui

196 3777 258 3832 MR
276 3775 412 3844 (intellepo
432 3782 538 3829 autem:
560 3774 643 3828 darier
660 3774 783 3828 admlicb
801 3775 873 3853 acird
891 3775 956 3827 eben
973 3775 1019 3827 ihr
1040 3773 1129 3828 Gldcle
1148 3773 1203 3840 (iba
1226 3773 1343 3842 Vorzup)

198 3891 493 3959 bestebca,dosteicetc.
518 3890 768 3960 tdenique=oam
792 3857 875 3953 8¹{M
879 3895 1029 3956 (corr.m.1)
1075 3888 1347 3958 quaeR‚quamMF

199 3979 232 4034 10
242 3984 324 4048 atquc
334 3979 376 4044 M,
387 3983 416 4032 et
425 3995 441 4032 a
450 3979 478 4034 R
487 3979 579 4048 culpo,
592 3981 619 4032 et
629 3976 659 4030 F
693 3979 725 4030 12
736 3977 762 4030 in
773 3978 809 4041 R,
822 3979 861 4031 itu
870 3977 936 4030 ΜΕ
981 3977 1119 4030 haeretico
1130 3978 1188 4030 scil.
1200 3977 1343 4046 moapelio

199 4067 380 4138 1410ngaeua
394 4068 429 4132 R,
444 4067 578 4136 longaeua
593 4070 702 4120 aeterna
716 4067 754 4120 M
788 4069 820 4121 15
836 4066 943 4120 dedisse
957 4065 1039 4132 MR³,
1054 4065 1131 4120 dedit
1144 4065 1184 4119 R¹
1227 4066 1258 4118 17
1274 4066 1343 4135 legis

197 4159 255 4211 utta
273 4157 386 4226 scripsi:
405 4157 466 4226 lege
486 4157 560 4210 uitae
575 4156 644 4219 MR,
664 4155 724 4225 lege
744 4157 830 4209 uitam
843 4156 908 4224 Eup
943 4157 977 4209 20
997 4158 1025 4209 et
1044 4155 1190 4208 suscitatus
1209 4154 1278 4220 ΜΕ,
1298 4172 1342 4208 ex·

198 4247 344 4300 suscitatus
363 4246 483 4316 Ruulyo
550 4246 581 4298 21
604 4245 735 4299 lacunam
753 4245 881 4315 sipaoua':
900 4247 928 4297 et
947 4244 1067 4298 incertus
1085 4245 1257 4298 intercidisse
1271 4251 1342 4312 puto

198 4335 232 4388 22
252 4333 354 4403 aliquid
374 4334 572 4388 obseruationis
592 4331 695 4402 aliquid
714 4333 751 4386 M
807 4351 868 4402 spes
888 4332 960 4388 Lat:
978 4333 1036 4404 spei
1054 4333 1124 4400 MR,
1144 4349 1192 4402 spo
1214 4332 1343 4388 chlems
