3250 4959
328 438 392 500 502
559 431 675 498 Quinti
694 433 836 503 Septimi
855 433 1025 487 Florentia
1044 435 1250 491 Tertulliani

325 629 550 694 manicationis
582 630 732 712 reliquae.
766 629 794 694 si
824 630 1151 696 enim'inhumanitas
1180 636 1213 696 et
1239 633 1480 717 inhospitalitas

325 737 445 802 nullam
469 736 506 800 ab
532 754 567 800 eo
592 736 747 800 relaturae
772 739 847 800 suut
866 737 1031 816 ultionem,
1055 739 1107 803 cui
1125 739 1171 804 rei
1189 743 1370 824 praemittit
1387 745 1481 808 teeti·

323 842 514 920 ficationem,
551 843 653 906 minas
690 843 802 924 utique
835 843 1100 924 portendentem?
1136 864 1230 927 porro
1267 866 1341 912 cum
1380 849 1479 914 etiam

315 953 447 1013 ‘creator
476 948 507 1011 in
541 947 787 1013 Deuteronomio
821 949 1020 1014 Ammonitas
1053 954 1086 1016 et
1117 951 1276 1019 Moabitas
1308 955 1479 1038 prohibeat

322 1056 420 1139 recipi
434 1055 465 1120 in
486 1056 663 1133 ecclesiam,
678 1056 763 1138 quod
777 1057 933 1139 populum
947 1057 1091 1141 Aegypto
1106 1059 1283 1141 profectum
1303 1061 1477 1127 inhumane
1509 1085 1523 1123 a

323 1164 356 1226 et
383 1162 619 1245 inhospitaliter
642 1162 742 1245 copiis
772 1163 1021 1242 defraudassent,
1051 1180 1124 1249 ergo
1152 1164 1184 1230 iu
1209 1165 1374 1232 Christum
1402 1169 1476 1234 iude

322 1287 467 1334 manasse
505 1269 663 1334 constabit
699 1269 995 1336 communicationis
1031 1270 1248 1350 interdictum,
1285 1271 1341 1337 ubi
1379 1275 1478 1340 habet

320 1375 465 1441 formam.
486 1375 549 1459 qui
569 1395 634 1440 uos
655 1379 817 1459 spernet,
838 1396 894 1441 me
913 1380 1075 1458 spernet.
1091 1378 1152 1443 hoc
1166 1381 1199 1443 et
1212 1379 1320 1463 Moysi
1334 1387 1474 1446 creator:

320 1502 392 1548 non
416 1487 452 1547 te
472 1485 791 1563 contempserunt,
811 1483 876 1547 sed
894 1503 962 1548 me.
981 1488 1047 1548 tom
1063 1485 1146 1548 enim
1160 1487 1327 1568 apostolus
1342 1487 1474 1571 Moyses

320 1610 415 1673 quam
435 1605 467 1654 eu
485 1589 622 1673 apostoli
641 1589 822 1673 prophetae.
843 1590 1005 1673 aequanda
1022 1594 1090 1656 crat
1108 1594 1281 1658 auctoritas
1299 1595 1472 1679 utriusque
1492 1616 1519 1655 ro

321 1697 418 1762 officii
450 1692 488 1762 ah
518 1716 581 1761 uno
610 1696 782 1780 eodemque
820 1697 948 1763 domino
986 1698 1202 1780 apostolorum
1238 1703 1270 1764 et
1301 1701 1473 1785 propheta·

318 1824 398 1869 rum.
449 1804 528 1884 Quis
551 1822 634 1869 nunc
658 1803 747 1869 dabit
769 1807 962 1886 potestatem
987 1804 1127 1869 calcandi
1150 1824 1248 1888 super
1269 1806 1420 1874 colubros
1439 1813 1473 1875 et

319 1911 481 1994 scorpios?
504 1914 653 1975 utrumne
677 1911 818 1976 omnium
842 1909 1026 1975 animalium
1050 1911 1196 1975 dominus
1226 1931 1265 1976 an
1292 1933 1351 1978 nec
1374 1916 1471 1980 unius

317 2016 454 2082 lacertae
478 2016 577 2082 deus?
605 2017 661 2082 sed
684 2017 774 2094 bene,
799 2016 885 2098 quod
908 2020 1029 2082 creator
1051 2017 1131 2081 hanc
1153 2021 1346 2100 potestatem
1371 2022 1469 2086 etiam

317 2123 461 2206 paruulis
496 2123 603 2208 pueris
641 2143 696 2206 per
722 2122 849 2186 Esaiam
885 2122 1076 2206 repromisit,
1105 2123 1248 2188 conicere
1275 2145 1407 2190 manum
1435 2129 1468 2191 in
1488 2151 1514 2190 rr

318 2250 483 2296 cauernam
508 2231 653 2314 aspidum
678 2233 710 2295 et
733 2231 763 2294 iu
789 2230 894 2295 cubile
918 2232 1063 2294 natorum
1087 2229 1234 2315 aspidum
1256 2251 1313 2296 nec
1337 2235 1468 2299 omnino

317 2339 410 2402 laedi.
435 2342 467 2404 et
489 2338 600 2421 ntique
624 2338 744 2403 scimus
769 2374 810 2382 —
836 2338 927 2402 salua
949 2336 1156 2418 simplicitate
1177 2338 1364 2421 scripturae,
1392 2359 1466 2404 uam

314 2464 372 2509 nec
397 2449 428 2508 et
450 2446 540 2529 ipsae
563 2445 685 2510 bestiae
708 2463 820 2510 nocere
839 2446 996 2528 poterunt,
1021 2443 1077 2508 uhi
1096 2443 1175 2510 fides
1198 2445 1295 2509 fuerit
1316 2481 1362 2491 —
1386 2445 1465 2531 tign-

314 2555 381 2616 rate
406 2553 547 2635 scorpios
572 2555 605 2615 ct
628 2551 774 2615 colubros
799 2549 945 2633 portendi
969 2550 1125 2633 spiritalia
1147 2551 1298 2629 malitiae,
1327 2572 1464 2635 qnorum

312 2659 382 2741 ipse
398 2677 523 2742 quoque
538 2659 684 2742 princeps
701 2658 731 2722 in
752 2657 906 2739 serpentis
927 2660 959 2721 et
978 2657 1121 2722 draconis
1141 2661 1174 2722 et
1191 2659 1463 2726 eminentissimae
1481 2681 1508 2722 ao

315 2765 470 2846 cuiusque
493 2763 614 2829 hestiae
637 2764 763 2828 nomine
788 2763 959 2846 deputetur
981 2782 1077 2846 penes
1102 2767 1285 2840 creatorem,
1307 2765 1462 2850 largitum

313 2871 395 2936 hanc
413 2875 605 2954 potestatem
624 2871 720 2954 priori
736 2869 862 2936 Christo
882 2890 951 2950 sno,
971 2871 1055 2934 sicut
1072 2871 1298 2954 nonagesimus
1316 2873 1463 2954 psalmus

314 2978 353 3042 ad
378 2997 464 3043 eum:
496 2996 608 3060 super
636 2977 804 3060 aspidem
833 2980 870 3041 et
892 2976 1117 3041 basiliscum
1140 2976 1294 3042 incedes
1319 2982 1358 3042 et
1381 2996 1464 3044 con·

314 3085 485 3151 calcabis
513 3087 659 3152 leonem
689 3087 726 3149 et
753 3084 961 3162 draconem,
995 3084 1081 3147 sicut
1108 3083 1204 3147 etiam
1230 3082 1360 3148 Esaias:
1392 3086 1462 3149 illa

313 3194 372 3259 die
407 3193 638 3278 superducet
671 3191 845 3256 dominus
882 3190 973 3254 dens
1010 3189 1243 3254 machaeram
1279 3195 1506 3269 sanctam,aa

311 3319 482 3384 maguam
507 3303 542 3365 et
565 3301 712 3375 sortem,
738 3297 900 3364 Christum
925 3297 1048 3362 scilicet
1070 3316 1175 3375 suum,
1202 3296 1239 3360 in
1262 3297 1459 3364 draconem

310 3407 431 3485 illum,
457 3407 654 3473 colubrum
677 3425 851 3490 magnum
874 3407 911 3468 et
933 3407 1158 3479 tortuosum,
1187 3405 1223 3467 et
1246 3403 1461 3470 interficiet

312 3533 393 3578 eum
417 3513 488 3578 illa
511 3513 580 3578 die.
602 3512 658 3577 sed
678 3514 800 3576 etcum
820 3510 919 3575 idem:
941 3511 1003 3574 uia
1026 3509 1161 3573 munda
1184 3511 1220 3574 et
1242 3511 1304 3574 uia
1328 3518 1461 3577 sancta

400 3636 428 3703 tl
450 3635 482 3691 cf¹
503 3636 583 3688 Dent.
603 3635 645 3696 23,
666 3635 690 3688 3.
755 3633 781 3703 8]
801 3633 867 3687 Luc.
888 3632 930 3697 10,
952 3633 993 3686 16.
1057 3631 1201 3701 9lllleg.
1221 3631 1248 3693 8,
1267 3633 1293 3686 7.
1359 3634 1403 3703 12]
1424 3634 1458 3688 cf.

309 3725 374 3778 Luc.
396 3724 437 3787 10,
459 3725 500 3778 19.
557 3724 600 3794 15]
621 3723 654 3777 cf.
673 3724 717 3777 Es.
740 3723 781 3792 11,
800 3721 878 3775 8-9.
939 3720 985 3790 23]
1004 3720 1049 3776 Ps.
1069 3720 1112 3787 90,
1133 3721 1174 3774 13.
1233 3720 1281 3791 24]
1300 3721 1348 3774 Es.
1368 3723 1412 3783 27,
1435 3725 1459 3776 1.

309 3813 354 3882 23¹]
374 3813 418 3866 Es.
439 3812 481 3876 35,
500 3813 578 3865 8-9.

345 3921 361 3972 4
381 3920 541 3973 ammanitas
556 3919 594 3972 M
608 3921 635 3986 (e
655 3919 706 3974 cll.
724 3935 757 3972 ex
775 3934 790 3970 o
811 3934 829 3970 o
842 3920 916 3981 m.1)
955 3917 971 3970 6
991 3915 1200 3970 defraudassent
1214 3914 1248 3978 R,
1268 3914 1459 3970 defraudasset

309 4009 374 4062 ΜΡ
425 4010 441 4062 8
461 4013 570 4078 spernet
588 4009 624 4060 M
640 4009 713 4076 (bis),
732 4007 837 4076 spernit
849 4006 971 4076 Ruulpo
989 4006 1052 4077 (his)
1109 4006 1141 4059 10
1161 4007 1220 4059 erat
1232 4005 1310 4074 Eup.-
1329 4005 1382 4059 erit
1395 4006 1459 4062 MR

310 4101 344 4152 14
362 4100 479 4152 lacertae
499 4114 550 4151 oua
569 4097 609 4152 R¹
683 4098 715 4150 15
739 4096 860 4165 paruulis
883 4094 973 4164 pueris
991 4094 1033 4160 M,
1057 4093 1178 4162 pamnlis
1196 4095 1316 4163 puerulis
1333 4095 1369 4162 R,
1389 4113 1457 4164 pne·

308 4187 373 4240 rulis
392 4186 422 4239 F
488 4188 520 4240 ll
541 4188 639 4240 scimus
654 4185 691 4254 R,
709 4185 825 4240 sciemus
839 4183 910 4247 ΜΡ,
925 4185 1040 4237 sciamus
1054 4182 1119 4251 Eup
1181 4183 1215 4236 18
1233 4186 1362 4252 poterunt
1375 4183 1457 4253 Eup:

308 4279 455 4343 potuerunt
477 4275 539 4329 MR
628 4276 662 4328 20
686 4274 897 4328 immanissimae
924 4272 1093 4335 Cicccons'ue,
1116 4271 1370 4325 imminentisslmae
1387 4271 1453 4342 Eup

306 4364 341 4418 23
360 4365 408 4418 scd
428 4368 455 4418 ot
472 4365 514 4425 M,
534 4361 581 4416 sed
599 4365 625 4418 R
697 4363 767 4416 idem
785 4362 891 4430 <uicit>
908 4377 982 4430 susp.
1000 4361 1064 4430 Eup
