<?xml version="1.0" encoding="UTF-8"?>
<!DOCTYPE html PUBLIC "-//W3C//DTD XHTML 1.0 Transitional//EN"
    "http://www.w3.org/TR/xhtml1/DTD/xhtml1-transitional.dtd">
<html xmlns="http://www.w3.org/1999/xhtml" xml:lang="en" lang="en">
 <head>
  <title>
</title>
<meta http-equiv="Content-Type" content="text/html;charset=utf-8" />
  <meta name='ocr-system' content='tesseract 3.04.00' />
  <meta name='ocr-capabilities' content='ocr_page ocr_carea ocr_par ocr_line ocrx_word'/>
</head>
<body>
  <div class='ocr_page' id='page_1' title='image "./corpusscriptoru20wissgoog_0528.png"; bbox 0 0 3250 4959; ppageno 0'>
   <div class='ocr_carea' id='block_1_1' title="bbox 334 389 1252 460">
    <p class='ocr_par' dir='ltr' id='par_1_1' title="bbox 334 389 1252 460">
     <span class='ocr_line' id='line_1_1' title="bbox 334 389 1252 460; baseline -0.005 -14"><span class='ocrx_word' id='word_1_1' title='bbox 334 395 398 456; x_wconf 80' lang='grc'>458</span> <span class='ocrx_word' id='word_1_2' title='bbox 559 389 675 454; x_wconf 84' lang='lat' dir='ltr'>Quinti</span> <span class='ocrx_word' id='word_1_3' title='bbox 695 389 838 460; x_wconf 79' lang='lat' dir='ltr'><strong>Septimi</strong></span> <span class='ocrx_word' id='word_1_4' title='bbox 857 389 1028 444; x_wconf 83' lang='lat' dir='ltr'>Florentia</span> <span class='ocrx_word' id='word_1_5' title='bbox 1047 389 1252 444; x_wconf 75' lang='lat' dir='ltr'>Tertulliani</span> 
     </span>
    </p>
   </div>
   <div class='ocr_carea' id='block_1_2' title="bbox 332 584 1520 3655">
    <p class='ocr_par' dir='ltr' id='par_1_2' title="bbox 332 584 1520 3655">
     <span class='ocr_line' id='line_1_2' title="bbox 334 584 1482 670; baseline -0.003 -20"><span class='ocrx_word' id='word_1_6' title='bbox 334 586 372 650; x_wconf 86' lang='lat' dir='ltr'>de</span> <span class='ocrx_word' id='word_1_7' title='bbox 400 586 526 650; x_wconf 81' lang='lat' dir='ltr'>larraoro</span> <span class='ocrx_word' id='word_1_8' title='bbox 550 585 692 651; x_wconf 84' lang='lat' dir='ltr'>Iordanis</span> <span class='ocrx_word' id='word_1_9' title='bbox 716 586 807 650; x_wconf 88' lang='lat' dir='ltr'>Iesus</span> <span class='ocrx_word' id='word_1_10' title='bbox 836 605 931 651; x_wconf 88' lang='lat' dir='ltr'>uerus</span> <span class='ocrx_word' id='word_1_11' title='bbox 956 586 1054 670; x_wconf 87' lang='lat' dir='ltr'>elegit</span> <span class='ocrx_word' id='word_1_12' title='bbox 1076 589 1109 652; x_wconf 89' lang='lat' dir='ltr'>et</span> <span class='ocrx_word' id='word_1_13' title='bbox 1130 585 1162 649; x_wconf 87' lang='lat' dir='ltr'>in</span> <span class='ocrx_word' id='word_1_14' title='bbox 1187 584 1362 650; x_wconf 84' lang='lat' dir='ltr'>sacrarium</span> <span class='ocrx_word' id='word_1_15' title='bbox 1385 588 1482 647; x_wconf 89' lang='lat' dir='ltr'>testa-</span> 
     </span>
     <span class='ocr_line' id='line_1_3' title="bbox 334 689 1484 774; baseline -0.003 -17"><span class='ocrx_word' id='word_1_16' title='bbox 334 692 433 757; x_wconf 82' lang='lat' dir='ltr'>menti</span> <span class='ocrx_word' id='word_1_17' title='bbox 462 691 512 758; x_wconf 82' lang='lat' dir='ltr'>sui</span> <span class='ocrx_word' id='word_1_18' title='bbox 540 692 669 774; x_wconf 89' lang='lat' dir='ltr'>recepit.</span> <span class='ocrx_word' id='word_1_19' title='bbox 703 691 780 774; x_wconf 88' lang='lat' dir='ltr'>quid</span> <span class='ocrx_word' id='word_1_20' title='bbox 809 692 873 756; x_wconf 89' lang='lat' dir='ltr'>tale</span> <span class='ocrx_word' id='word_1_21' title='bbox 902 692 940 757; x_wconf 90' lang='lat' dir='ltr'>de</span> <span class='ocrx_word' id='word_1_22' title='bbox 968 691 1091 757; x_wconf 88' lang='lat' dir='ltr'>numeri</span> <span class='ocrx_word' id='word_1_23' title='bbox 1118 689 1300 756; x_wconf 77' lang='lat' dir='ltr'>defensione</span> <span class='ocrx_word' id='word_1_24' title='bbox 1328 691 1484 772; x_wconf 88' lang='lat' dir='ltr'>competit</span> 
     </span>
     <span class='ocr_line' id='line_1_4' title="bbox 334 797 1483 883; baseline -0.003 -19"><span class='ocrx_word' id='word_1_25' title='bbox 334 799 461 865; x_wconf 83' lang='lat' dir='ltr'>Christo</span> <span class='ocrx_word' id='word_1_26' title='bbox 484 798 677 863; x_wconf 83' lang='lat' dir='ltr'>Marcionis?</span> <span class='ocrx_word' id='word_1_27' title='bbox 696 818 757 863; x_wconf 89' lang='lat' dir='ltr'>uon</span> <span class='ocrx_word' id='word_1_28' title='bbox 781 803 889 883; x_wconf 88' lang='lat' dir='ltr'>potest</span> <span class='ocrx_word' id='word_1_29' title='bbox 912 799 1100 883; x_wconf 88' lang='lat' dir='ltr'>simpliciter</span> <span class='ocrx_word' id='word_1_30' title='bbox 1122 799 1243 862; x_wconf 87' lang='lat' dir='ltr'>factum</span> <span class='ocrx_word' id='word_1_31' title='bbox 1267 797 1306 861; x_wconf 89' lang='lat' dir='ltr'>ab</span> <span class='ocrx_word' id='word_1_32' title='bbox 1330 798 1388 863; x_wconf 92' lang='lat' dir='ltr'>illo</span> <span class='ocrx_word' id='word_1_33' title='bbox 1408 797 1483 880; x_wconf 87' lang='lat' dir='ltr'>quid</span> 
     </span>
     <span class='ocr_line' id='line_1_5' title="bbox 333 903 1482 990; baseline -0.003 -20"><span class='ocrx_word' id='word_1_34' title='bbox 333 905 446 983; x_wconf 84' lang='lat' dir='ltr'>uideri,</span> <span class='ocrx_word' id='word_1_35' title='bbox 471 905 555 988; x_wconf 89' lang='lat' dir='ltr'>quod</span> <span class='ocrx_word' id='word_1_36' title='bbox 577 909 686 990; x_wconf 81' lang='lat' dir='ltr'>potest</span> <span class='ocrx_word' id='word_1_37' title='bbox 708 905 809 970; x_wconf 89' lang='lat' dir='ltr'>uideri</span> <span class='ocrx_word' id='word_1_38' title='bbox 833 926 894 971; x_wconf 91' lang='lat' dir='ltr'>uon</span> <span class='ocrx_word' id='word_1_39' title='bbox 918 906 1107 989; x_wconf 87' lang='lat' dir='ltr'>simpliciter</span> <span class='ocrx_word' id='word_1_40' title='bbox 1128 905 1248 969; x_wconf 84' lang='lat' dir='ltr'>lactum</span> <span class='ocrx_word' id='word_1_41' title='bbox 1272 922 1392 968; x_wconf 90' lang='lat' dir='ltr'>ameo.</span> <span class='ocrx_word' id='word_1_42' title='bbox 1415 903 1482 968; x_wconf 87' lang='lat' dir='ltr'>eius</span> 
     </span>
     <span class='ocr_line' id='line_1_6' title="bbox 333 1011 1520 1097; baseline -0.006 -20"><span class='ocrx_word' id='word_1_43' title='bbox 333 1013 468 1090; x_wconf 81' lang='lat' dir='ltr'>eritrea,</span> <span class='ocrx_word' id='word_1_44' title='bbox 484 1013 567 1096; x_wconf 89' lang='lat' dir='ltr'>apud</span> <span class='ocrx_word' id='word_1_45' title='bbox 582 1031 676 1095; x_wconf 91' lang='lat' dir='ltr'>quem</span> <span class='ocrx_word' id='word_1_46' title='bbox 690 1013 852 1078; x_wconf 89' lang='lat' dir='ltr'>inuenitur</span> <span class='ocrx_word' id='word_1_47' title='bbox 865 1013 910 1077; x_wconf 88' lang='lat' dir='ltr'>rei</span> <span class='ocrx_word' id='word_1_48' title='bbox 924 1015 1157 1097; x_wconf 76' lang='lat' dir='ltr'>praeparatura.</span> <span class='ocrx_word' id='word_1_49' title='bbox 1216 1011 1324 1075; x_wconf 89' lang='lat' dir='ltr'>Mutat</span> <span class='ocrx_word' id='word_1_50' title='bbox 1342 1015 1377 1075; x_wconf 86' lang='lat' dir='ltr'>et</span> <span class='ocrx_word' id='word_1_51' title='bbox 1390 1011 1482 1076; x_wconf 89' lang='lat' dir='ltr'>Petro</span> <span class='ocrx_word' id='word_1_52' title='bbox 1508 1033 1520 1070; x_wconf 78' lang='lat' dir='ltr'>s</span> 
     </span>
     <span class='ocr_line' id='line_1_7' title="bbox 333 1117 1482 1202; baseline 0 -20"><span class='ocrx_word' id='word_1_53' title='bbox 333 1139 445 1183; x_wconf 86' lang='lat' dir='ltr'>nomen</span> <span class='ocrx_word' id='word_1_54' title='bbox 471 1119 508 1183; x_wconf 88' lang='lat' dir='ltr'>de</span> <span class='ocrx_word' id='word_1_55' title='bbox 534 1118 670 1196; x_wconf 78' lang='lat' dir='ltr'>Simone,</span> <span class='ocrx_word' id='word_1_56' title='bbox 695 1119 769 1202; x_wconf 83' lang='lat' dir='ltr'>quia</span> <span class='ocrx_word' id='word_1_57' title='bbox 792 1123 825 1184; x_wconf 90' lang='lat' dir='ltr'>et</span> <span class='ocrx_word' id='word_1_58' title='bbox 843 1125 964 1184; x_wconf 86' lang='lat' dir='ltr'>creator</span> <span class='ocrx_word' id='word_1_59' title='bbox 982 1119 1127 1184; x_wconf 83' lang='lat' dir='ltr'>Abrabae</span> <span class='ocrx_word' id='word_1_60' title='bbox 1147 1122 1179 1184; x_wconf 89' lang='lat' dir='ltr'>et</span> <span class='ocrx_word' id='word_1_61' title='bbox 1198 1117 1308 1184; x_wconf 84' lang='lat' dir='ltr'>Sarrae</span> <span class='ocrx_word' id='word_1_62' title='bbox 1327 1123 1363 1182; x_wconf 93' lang='lat' dir='ltr'>et</span> <span class='ocrx_word' id='word_1_63' title='bbox 1379 1119 1482 1182; x_wconf 83' lang='lat' dir='ltr'>Ausae</span> 
     </span>
     <span class='ocr_line' id='line_1_8' title="bbox 333 1223 1482 1306; baseline 0 -18"><span class='ocrx_word' id='word_1_64' title='bbox 333 1225 461 1289; x_wconf 88' lang='lat' dir='ltr'>nomina</span> <span class='ocrx_word' id='word_1_65' title='bbox 493 1225 690 1300; x_wconf 86' lang='lat' dir='ltr'>reformauit,</span> <span class='ocrx_word' id='word_1_66' title='bbox 723 1225 807 1290; x_wconf 90' lang='lat' dir='ltr'>hunc</span> <span class='ocrx_word' id='word_1_67' title='bbox 835 1225 978 1290; x_wconf 87' lang='lat' dir='ltr'>uocando</span> <span class='ocrx_word' id='word_1_68' title='bbox 1007 1225 1125 1302; x_wconf 85' lang='lat' dir='ltr'>Iesum,</span> <span class='ocrx_word' id='word_1_69' title='bbox 1156 1224 1222 1288; x_wconf 89' lang='lat' dir='ltr'>illis</span> <span class='ocrx_word' id='word_1_70' title='bbox 1251 1223 1394 1306; x_wconf 81' lang='lat' dir='ltr'>syllabas</span> <span class='ocrx_word' id='word_1_71' title='bbox 1420 1223 1482 1288; x_wconf 84' lang='lat' dir='ltr'>adi·</span> 
     </span>
     <span class='ocr_line' id='line_1_9' title="bbox 334 1330 1481 1416; baseline -0.001 -20"><span class='ocrx_word' id='word_1_72' title='bbox 334 1330 454 1396; x_wconf 86' lang='lat' dir='ltr'>ciendo.</span> <span class='ocrx_word' id='word_1_73' title='bbox 469 1331 526 1395; x_wconf 88' lang='lat' dir='ltr'>sed</span> <span class='ocrx_word' id='word_1_74' title='bbox 541 1349 596 1396; x_wconf 90' lang='lat' dir='ltr'>cur</span> <span class='ocrx_word' id='word_1_75' title='bbox 612 1336 643 1395; x_wconf 90' lang='lat' dir='ltr'>et</span> <span class='ocrx_word' id='word_1_76' title='bbox 657 1332 809 1397; x_wconf 82' lang='lat' dir='ltr'>Petrum?</span> <span class='ocrx_word' id='word_1_77' title='bbox 826 1331 853 1396; x_wconf 92' lang='lat' dir='ltr'>si</span> <span class='ocrx_word' id='word_1_78' title='bbox 868 1331 907 1396; x_wconf 94' lang='lat' dir='ltr'>ob</span> <span class='ocrx_word' id='word_1_79' title='bbox 923 1332 1067 1416; x_wconf 86' lang='lat' dir='ltr'>uigorem</span> <span class='ocrx_word' id='word_1_80' title='bbox 1081 1331 1166 1410; x_wconf 85' lang='lat' dir='ltr'>fidei,</span> <span class='ocrx_word' id='word_1_81' title='bbox 1181 1332 1302 1395; x_wconf 87' lang='lat' dir='ltr'>multae</span> <span class='ocrx_word' id='word_1_82' title='bbox 1321 1331 1481 1406; x_wconf 82' lang='lat' dir='ltr'>materiae,</span> 
     </span>
     <span class='ocr_line' id='line_1_10' title="bbox 334 1437 1482 1521; baseline 0 -19"><span class='ocrx_word' id='word_1_83' title='bbox 334 1437 454 1502; x_wconf 89' lang='lat' dir='ltr'>solidae</span> <span class='ocrx_word' id='word_1_84' title='bbox 479 1456 589 1520; x_wconf 85' lang='lat' dir='ltr'>aeque,</span> <span class='ocrx_word' id='word_1_85' title='bbox 614 1457 726 1502; x_wconf 87' lang='lat' dir='ltr'>nomen</span> <span class='ocrx_word' id='word_1_86' title='bbox 747 1438 784 1502; x_wconf 87' lang='lat' dir='ltr'>de</span> <span class='ocrx_word' id='word_1_87' title='bbox 809 1456 867 1503; x_wconf 89' lang='lat' dir='ltr'>suo</span> <span class='ocrx_word' id='word_1_88' title='bbox 888 1438 1172 1503; x_wconf 85' lang='lat' dir='ltr'>accommodarent.</span> <span class='ocrx_word' id='word_1_89' title='bbox 1196 1456 1235 1502; x_wconf 89' lang='lat' dir='ltr'>an</span> <span class='ocrx_word' id='word_1_90' title='bbox 1250 1437 1324 1519; x_wconf 90' lang='lat' dir='ltr'>quia</span> <span class='ocrx_word' id='word_1_91' title='bbox 1343 1442 1378 1502; x_wconf 89' lang='lat' dir='ltr'>et</span> <span class='ocrx_word' id='word_1_92' title='bbox 1396 1441 1482 1521; x_wconf 85' lang='lat' dir='ltr'>petra</span> 
     </span>
     <span class='ocr_line' id='line_1_11' title="bbox 334 1543 1520 1628; baseline -0.001 -19"><span class='ocrx_word' id='word_1_93' title='bbox 334 1549 365 1609; x_wconf 94' lang='lat' dir='ltr'>ct</span> <span class='ocrx_word' id='word_1_94' title='bbox 388 1545 471 1628; x_wconf 88' lang='lat' dir='ltr'>lapis</span> <span class='ocrx_word' id='word_1_95' title='bbox 496 1544 665 1609; x_wconf 83' lang='lat' dir='ltr'>Christus?</span> <span class='ocrx_word' id='word_1_96' title='bbox 690 1543 848 1626; x_wconf 87' lang='lat' dir='ltr'>siquidem</span> <span class='ocrx_word' id='word_1_97' title='bbox 874 1547 907 1608; x_wconf 91' lang='lat' dir='ltr'>et</span> <span class='ocrx_word' id='word_1_98' title='bbox 928 1544 1066 1628; x_wconf 87' lang='lat' dir='ltr'>legimus</span> <span class='ocrx_word' id='word_1_99' title='bbox 1090 1545 1232 1628; x_wconf 90' lang='lat' dir='ltr'>positum</span> <span class='ocrx_word' id='word_1_100' title='bbox 1255 1545 1520 1628; x_wconf 77' lang='lat' dir='ltr'>eumiolapi-1o</span> 
     </span>
     <span class='ocr_line' id='line_1_12' title="bbox 335 1650 1482 1734; baseline -0.001 -19"><span class='ocrx_word' id='word_1_101' title='bbox 335 1651 407 1715; x_wconf 89' lang='lat' dir='ltr'>dem</span> <span class='ocrx_word' id='word_1_102' title='bbox 437 1650 618 1715; x_wconf 82' lang='lat' dir='ltr'>offendiculi</span> <span class='ocrx_word' id='word_1_103' title='bbox 646 1654 678 1714; x_wconf 87' lang='lat' dir='ltr'>et</span> <span class='ocrx_word' id='word_1_104' title='bbox 705 1651 736 1714; x_wconf 91' lang='lat' dir='ltr'>iu</span> <span class='ocrx_word' id='word_1_105' title='bbox 765 1655 887 1733; x_wconf 88' lang='lat' dir='ltr'>petram</span> <span class='ocrx_word' id='word_1_106' title='bbox 916 1650 1066 1716; x_wconf 86' lang='lat' dir='ltr'>scandali.</span> <span class='ocrx_word' id='word_1_107' title='bbox 1095 1651 1208 1717; x_wconf 91' lang='lat' dir='ltr'>omitto</span> <span class='ocrx_word' id='word_1_108' title='bbox 1232 1656 1346 1716; x_wconf 89' lang='lat' dir='ltr'>cetera.</span> <span class='ocrx_word' id='word_1_109' title='bbox 1376 1652 1482 1734; x_wconf 84' lang='lat' dir='ltr'>itaque</span> 
     </span>
     <span class='ocr_line' id='line_1_13' title="bbox 333 1756 1482 1840; baseline 0.001 -21"><span class='ocrx_word' id='word_1_110' title='bbox 333 1757 508 1821; x_wconf 85' lang='lat' dir='ltr'>adfectauit</span> <span class='ocrx_word' id='word_1_111' title='bbox 537 1756 701 1821; x_wconf 86' lang='lat' dir='ltr'>carissimo</span> <span class='ocrx_word' id='word_1_112' title='bbox 729 1756 960 1839; x_wconf 84' lang='lat' dir='ltr'>discipulorum</span> <span class='ocrx_word' id='word_1_113' title='bbox 989 1757 1027 1821; x_wconf 89' lang='lat' dir='ltr'>de</span> <span class='ocrx_word' id='word_1_114' title='bbox 1054 1756 1165 1840; x_wconf 83' lang='lat' dir='ltr'>figuris</span> <span class='ocrx_word' id='word_1_115' title='bbox 1190 1757 1258 1822; x_wconf 88' lang='lat' dir='ltr'>suis</span> <span class='ocrx_word' id='word_1_116' title='bbox 1280 1758 1482 1838; x_wconf 82' lang='lat' dir='ltr'>peculiariter</span> 
     </span>
     <span class='ocr_line' id='line_1_14' title="bbox 335 1864 1481 1947; baseline 0 -19"><span class='ocrx_word' id='word_1_117' title='bbox 335 1883 447 1928; x_wconf 89' lang='lat' dir='ltr'>nomen</span> <span class='ocrx_word' id='word_1_118' title='bbox 473 1867 716 1944; x_wconf 88' lang='lat' dir='ltr'>communicare,</span> <span class='ocrx_word' id='word_1_119' title='bbox 741 1869 819 1947; x_wconf 89' lang='lat' dir='ltr'>puto</span> <span class='ocrx_word' id='word_1_120' title='bbox 843 1865 974 1946; x_wconf 90' lang='lat' dir='ltr'>propius</span> <span class='ocrx_word' id='word_1_121' title='bbox 999 1883 1094 1945; x_wconf 85' lang='lat' dir='ltr'>quam</span> <span class='ocrx_word' id='word_1_122' title='bbox 1118 1864 1156 1927; x_wconf 83' lang='lat' dir='ltr'>de</span> <span class='ocrx_word' id='word_1_123' title='bbox 1180 1883 1241 1930; x_wconf 90' lang='lat' dir='ltr'>nou</span> <span class='ocrx_word' id='word_1_124' title='bbox 1264 1864 1344 1928; x_wconf 87' lang='lat' dir='ltr'>auis.</span> <span class='ocrx_word' id='word_1_125' title='bbox 1407 1864 1481 1930; x_wconf 87' lang='lat' dir='ltr'>Cou-</span> 
     </span>
     <span class='ocr_line' id='line_1_15' title="bbox 334 1970 1480 2056; baseline -0.002 -20"><span class='ocrx_word' id='word_1_126' title='bbox 334 1971 466 2036; x_wconf 88' lang='lat' dir='ltr'>ueniunt</span> <span class='ocrx_word' id='word_1_127' title='bbox 486 1991 503 2035; x_wconf 90' lang='lat' dir='ltr'>a</span> <span class='ocrx_word' id='word_1_128' title='bbox 523 1970 603 2054; x_wconf 79' lang='lat' dir='ltr'>Tyro</span> <span class='ocrx_word' id='word_1_129' title='bbox 628 1973 660 2034; x_wconf 90' lang='lat' dir='ltr'>et</span> <span class='ocrx_word' id='word_1_130' title='bbox 684 1990 719 2035; x_wconf 88' lang='lat' dir='ltr'>ex</span> <span class='ocrx_word' id='word_1_131' title='bbox 748 1971 820 2035; x_wconf 89' lang='lat' dir='ltr'>aliis</span> <span class='ocrx_word' id='word_1_132' title='bbox 844 1970 1027 2056; x_wconf 84' lang='lat' dir='ltr'>regionibus</span> <span class='ocrx_word' id='word_1_133' title='bbox 1052 1970 1237 2049; x_wconf 86' lang='lat' dir='ltr'>multitudo,</span> <span class='ocrx_word' id='word_1_134' title='bbox 1261 1970 1358 2034; x_wconf 89' lang='lat' dir='ltr'>etiam</span> <span class='ocrx_word' id='word_1_135' title='bbox 1383 1973 1480 2036; x_wconf 84' lang='lat' dir='ltr'>trans·</span> 
     </span>
     <span class='ocr_line' id='line_1_16' title="bbox 335 2077 1517 2160; baseline -0.002 -18"><span class='ocrx_word' id='word_1_136' title='bbox 335 2078 467 2142; x_wconf 85' lang='lat' dir='ltr'>marina.</span> <span class='ocrx_word' id='word_1_137' title='bbox 492 2077 552 2142; x_wconf 89' lang='lat' dir='ltr'>hoo</span> <span class='ocrx_word' id='word_1_138' title='bbox 571 2077 736 2160; x_wconf 83' lang='lat' dir='ltr'>spectabat</span> <span class='ocrx_word' id='word_1_139' title='bbox 755 2077 912 2160; x_wconf 85' lang='lat' dir='ltr'>psalmus:</span> <span class='ocrx_word' id='word_1_140' title='bbox 938 2081 975 2142; x_wconf 90' lang='lat' dir='ltr'>et</span> <span class='ocrx_word' id='word_1_141' title='bbox 993 2096 1078 2142; x_wconf 90' lang='lat' dir='ltr'>soce</span> <span class='ocrx_word' id='word_1_142' title='bbox 1097 2077 1283 2160; x_wconf 76' lang='lat' dir='ltr'>allophyli</span> <span class='ocrx_word' id='word_1_143' title='bbox 1306 2080 1345 2141; x_wconf 86' lang='lat' dir='ltr'>et</span> <span class='ocrx_word' id='word_1_144' title='bbox 1362 2078 1479 2159; x_wconf 83' lang='lat' dir='ltr'>Tyrus</span> <span class='ocrx_word' id='word_1_145' title='bbox 1496 2091 1517 2130; x_wconf 79' lang='lat'>¹⁵</span> 
     </span>
     <span class='ocr_line' id='line_1_17' title="bbox 334 2183 1479 2269; baseline -0.001 -20"><span class='ocrx_word' id='word_1_146' title='bbox 334 2189 372 2249; x_wconf 92' lang='lat' dir='ltr'>et</span> <span class='ocrx_word' id='word_1_147' title='bbox 394 2185 560 2269; x_wconf 88' lang='lat' dir='ltr'>populus</span> <span class='ocrx_word' id='word_1_148' title='bbox 584 2185 823 2269; x_wconf 82' lang='lat' dir='ltr'>Aethiopum,</span> <span class='ocrx_word' id='word_1_149' title='bbox 848 2185 915 2249; x_wconf 90' lang='lat' dir='ltr'>isti</span> <span class='ocrx_word' id='word_1_150' title='bbox 939 2186 1093 2250; x_wconf 78' lang='lat' dir='ltr'>fuerunt</span> <span class='ocrx_word' id='word_1_151' title='bbox 1119 2184 1213 2249; x_wconf 89' lang='lat' dir='ltr'>illio.</span> <span class='ocrx_word' id='word_1_152' title='bbox 1242 2187 1361 2252; x_wconf 85' lang='lat' dir='ltr'>mater</span> <span class='ocrx_word' id='word_1_153' title='bbox 1386 2183 1479 2260; x_wconf 82' lang='lat' dir='ltr'>Sion,</span> 
     </span>
     <span class='ocr_line' id='line_1_18' title="bbox 334 2290 1478 2373; baseline -0.002 -17"><span class='ocrx_word' id='word_1_154' title='bbox 334 2291 437 2356; x_wconf 77' lang='lat' dir='ltr'>&lt;licet</span> <span class='ocrx_word' id='word_1_155' title='bbox 461 2292 577 2371; x_wconf 81' lang='lat' dir='ltr'>homo,</span> <span class='ocrx_word' id='word_1_156' title='bbox 603 2294 640 2356; x_wconf 92' lang='lat' dir='ltr'>et</span> <span class='ocrx_word' id='word_1_157' title='bbox 663 2292 770 2356; x_wconf 93' lang='lat' dir='ltr'>homo</span> <span class='ocrx_word' id='word_1_158' title='bbox 795 2295 907 2357; x_wconf 88' lang='lat' dir='ltr'>uatus</span> <span class='ocrx_word' id='word_1_159' title='bbox 932 2295 991 2357; x_wconf 91' lang='lat' dir='ltr'>est</span> <span class='ocrx_word' id='word_1_160' title='bbox 1013 2293 1048 2356; x_wconf 89' lang='lat' dir='ltr'>in</span> <span class='ocrx_word' id='word_1_161' title='bbox 1073 2291 1143 2356; x_wconf 89' lang='lat' dir='ltr'>illa</span> <span class='ocrx_word' id='word_1_162' title='bbox 1165 2327 1208 2338; x_wconf 85' lang='lat'>-</span> <span class='ocrx_word' id='word_1_163' title='bbox 1232 2291 1384 2373; x_wconf 87' lang='lat' dir='ltr'>quoniam</span> <span class='ocrx_word' id='word_1_164' title='bbox 1404 2290 1478 2356; x_wconf 86' lang='lat' dir='ltr'>deus</span> 
     </span>
     <span class='ocr_line' id='line_1_19' title="bbox 333 2397 1478 2480; baseline 0 -18"><span class='ocrx_word' id='word_1_165' title='bbox 333 2399 427 2463; x_wconf 92' lang='lat' dir='ltr'>homo</span> <span class='ocrx_word' id='word_1_166' title='bbox 443 2403 535 2464; x_wconf 87' lang='lat' dir='ltr'>natus</span> <span class='ocrx_word' id='word_1_167' title='bbox 552 2403 602 2464; x_wconf 87' lang='lat' dir='ltr'>est</span> <span class='ocrx_word' id='word_1_168' title='bbox 617 2435 659 2446; x_wconf 91' lang='lat'>—</span> <span class='ocrx_word' id='word_1_169' title='bbox 675 2403 710 2464; x_wconf 87' lang='lat' dir='ltr'>et</span> <span class='ocrx_word' id='word_1_170' title='bbox 731 2398 960 2464; x_wconf 84' lang='lat' dir='ltr'>aedificauit</span> <span class='ocrx_word' id='word_1_171' title='bbox 979 2418 1056 2463; x_wconf 88' lang='lat' dir='ltr'>eam</span> <span class='ocrx_word' id='word_1_172' title='bbox 1072 2436 1114 2444; x_wconf 92' lang='lat'>-</span> <span class='ocrx_word' id='word_1_173' title='bbox 1129 2398 1297 2464; x_wconf 87' lang='lat' dir='ltr'>uoluntate</span> <span class='ocrx_word' id='word_1_174' title='bbox 1309 2397 1414 2480; x_wconf 87' lang='lat' dir='ltr'>patris</span> <span class='ocrx_word' id='word_1_175' title='bbox 1427 2432 1478 2471; x_wconf 81' lang='lat'>-‚</span> 
     </span>
     <span class='ocr_line' id='line_1_20' title="bbox 335 2503 1478 2589; baseline -0.001 -21"><span class='ocrx_word' id='word_1_176' title='bbox 335 2509 372 2569; x_wconf 91' lang='lat' dir='ltr'>ut</span> <span class='ocrx_word' id='word_1_177' title='bbox 401 2505 484 2570; x_wconf 87' lang='lat' dir='ltr'>scias</span> <span class='ocrx_word' id='word_1_178' title='bbox 513 2505 551 2568; x_wconf 85' lang='lat' dir='ltr'>ed</span> <span class='ocrx_word' id='word_1_179' title='bbox 580 2524 653 2570; x_wconf 90' lang='lat' dir='ltr'>eum</span> <span class='ocrx_word' id='word_1_180' title='bbox 681 2509 757 2569; x_wconf 90' lang='lat' dir='ltr'>tuuc</span> <span class='ocrx_word' id='word_1_181' title='bbox 791 2505 926 2589; x_wconf 86' lang='lat' dir='ltr'>gentiles</span> <span class='ocrx_word' id='word_1_182' title='bbox 960 2506 1158 2582; x_wconf 84' lang='lat' dir='ltr'>conuenisse,</span> <span class='ocrx_word' id='word_1_183' title='bbox 1190 2503 1245 2587; x_wconf 90' lang='lat' dir='ltr'>qui</span> <span class='ocrx_word' id='word_1_184' title='bbox 1274 2503 1353 2568; x_wconf 88' lang='lat' dir='ltr'>deus</span> <span class='ocrx_word' id='word_1_185' title='bbox 1386 2504 1478 2568; x_wconf 91' lang='lat' dir='ltr'>bomo</span> 
     </span>
     <span class='ocr_line' id='line_1_21' title="bbox 334 2610 1516 2693; baseline -0.002 -17"><span class='ocrx_word' id='word_1_186' title='bbox 334 2615 399 2676; x_wconf 87' lang='lat' dir='ltr'>erat</span> <span class='ocrx_word' id='word_1_187' title='bbox 423 2615 527 2688; x_wconf 87' lang='lat' dir='ltr'>natus,</span> <span class='ocrx_word' id='word_1_188' title='bbox 552 2611 773 2676; x_wconf 86' lang='lat' dir='ltr'>aedificaturus</span> <span class='ocrx_word' id='word_1_189' title='bbox 798 2613 967 2677; x_wconf 86' lang='lat' dir='ltr'>eeclesiam</span> <span class='ocrx_word' id='word_1_190' title='bbox 986 2631 1023 2676; x_wconf 82' lang='lat' dir='ltr'>ox</span> <span class='ocrx_word' id='word_1_191' title='bbox 1045 2612 1212 2676; x_wconf 89' lang='lat' dir='ltr'>uoluntate</span> <span class='ocrx_word' id='word_1_192' title='bbox 1229 2611 1329 2693; x_wconf 87' lang='lat' dir='ltr'>patris</span> <span class='ocrx_word' id='word_1_193' title='bbox 1348 2629 1386 2674; x_wconf 84' lang='lat' dir='ltr'>ex</span> <span class='ocrx_word' id='word_1_194' title='bbox 1406 2610 1478 2674; x_wconf 89' lang='lat' dir='ltr'>allo·</span> <span class='ocrx_word' id='word_1_195' title='bbox 1494 2627 1516 2664; x_wconf 73' lang='lat' dir='ltr'>a·</span> 
     </span>
     <span class='ocr_line' id='line_1_22' title="bbox 333 2717 1478 2802; baseline -0.001 -21"><span class='ocrx_word' id='word_1_196' title='bbox 333 2718 439 2802; x_wconf 81' lang='lat' dir='ltr'>phylis</span> <span class='ocrx_word' id='word_1_197' title='bbox 467 2737 600 2801; x_wconf 89' lang='lat' dir='ltr'>quoque.</span> <span class='ocrx_word' id='word_1_198' title='bbox 634 2719 680 2783; x_wconf 90' lang='lat' dir='ltr'>sic</span> <span class='ocrx_word' id='word_1_199' title='bbox 710 2722 742 2783; x_wconf 91' lang='lat' dir='ltr'>et</span> <span class='ocrx_word' id='word_1_200' title='bbox 764 2719 890 2783; x_wconf 83' lang='lat' dir='ltr'>Esaias:</span> <span class='ocrx_word' id='word_1_201' title='bbox 924 2738 1010 2783; x_wconf 87' lang='lat' dir='ltr'>eoos</span> <span class='ocrx_word' id='word_1_202' title='bbox 1043 2718 1110 2782; x_wconf 88' lang='lat' dir='ltr'>isti</span> <span class='ocrx_word' id='word_1_203' title='bbox 1142 2717 1301 2782; x_wconf 88' lang='lat' dir='ltr'>ueniunt</span> <span class='ocrx_word' id='word_1_204' title='bbox 1332 2717 1377 2782; x_wconf 85' lang='lat' dir='ltr'>de</span> <span class='ocrx_word' id='word_1_205' title='bbox 1406 2717 1478 2782; x_wconf 93' lang='lat' dir='ltr'>lou-</span> 
     </span>
     <span class='ocr_line' id='line_1_23' title="bbox 335 2823 1478 2909; baseline -0.001 -21"><span class='ocrx_word' id='word_1_206' title='bbox 335 2826 488 2909; x_wconf 79' lang='lat' dir='ltr'>ginquo,</span> <span class='ocrx_word' id='word_1_207' title='bbox 518 2825 585 2889; x_wconf 88' lang='lat' dir='ltr'>isti</span> <span class='ocrx_word' id='word_1_208' title='bbox 614 2828 738 2889; x_wconf 86' lang='lat' dir='ltr'>autem</span> <span class='ocrx_word' id='word_1_209' title='bbox 767 2826 925 2890; x_wconf 89' lang='lat' dir='ltr'>ueniunt</span> <span class='ocrx_word' id='word_1_210' title='bbox 948 2825 991 2890; x_wconf 90' lang='lat' dir='ltr'>ab</span> <span class='ocrx_word' id='word_1_211' title='bbox 1016 2825 1193 2908; x_wconf 88' lang='lat' dir='ltr'>aquilone</span> <span class='ocrx_word' id='word_1_212' title='bbox 1216 2827 1253 2888; x_wconf 91' lang='lat' dir='ltr'>et</span> <span class='ocrx_word' id='word_1_213' title='bbox 1279 2823 1384 2902; x_wconf 87' lang='lat' dir='ltr'>mari,</span> <span class='ocrx_word' id='word_1_214' title='bbox 1414 2823 1478 2888; x_wconf 91' lang='lat' dir='ltr'>alii</span> 
     </span>
     <span class='ocr_line' id='line_1_24' title="bbox 333 2931 1477 3015; baseline 0 -21"><span class='ocrx_word' id='word_1_215' title='bbox 333 2935 456 2996; x_wconf 89' lang='lat' dir='ltr'>autem</span> <span class='ocrx_word' id='word_1_216' title='bbox 487 2931 529 2996; x_wconf 85' lang='lat' dir='ltr'>de</span> <span class='ocrx_word' id='word_1_217' title='bbox 558 2935 659 2996; x_wconf 87' lang='lat' dir='ltr'>terra</span> <span class='ocrx_word' id='word_1_218' title='bbox 686 2932 894 2996; x_wconf 88' lang='lat' dir='ltr'>Persarum.</span> <span class='ocrx_word' id='word_1_219' title='bbox 922 2932 960 2996; x_wconf 88' lang='lat' dir='ltr'>de</span> <span class='ocrx_word' id='word_1_220' title='bbox 989 2933 1104 3015; x_wconf 88' lang='lat' dir='ltr'>quibus</span> <span class='ocrx_word' id='word_1_221' title='bbox 1134 2935 1166 2995; x_wconf 93' lang='lat' dir='ltr'>et</span> <span class='ocrx_word' id='word_1_222' title='bbox 1192 2949 1318 2995; x_wconf 87' lang='lat' dir='ltr'>rursus:</span> <span class='ocrx_word' id='word_1_223' title='bbox 1343 2931 1477 2996; x_wconf 86' lang='lat' dir='ltr'>attolle</span> 
     </span>
     <span class='ocr_line' id='line_1_25' title="bbox 333 3037 1477 3122; baseline -0.002 -20"><span class='ocrx_word' id='word_1_224' title='bbox 333 3057 398 3120; x_wconf 91' lang='lat' dir='ltr'>per</span> <span class='ocrx_word' id='word_1_225' title='bbox 422 3038 627 3102; x_wconf 88' lang='lat' dir='ltr'>circuitum</span> <span class='ocrx_word' id='word_1_226' title='bbox 652 3040 784 3102; x_wconf 89' lang='lat' dir='ltr'>oculos</span> <span class='ocrx_word' id='word_1_227' title='bbox 809 3041 895 3104; x_wconf 86' lang='lat' dir='ltr'>tuos</span> <span class='ocrx_word' id='word_1_228' title='bbox 919 3043 956 3102; x_wconf 92' lang='lat' dir='ltr'>et</span> <span class='ocrx_word' id='word_1_229' title='bbox 978 3039 1080 3104; x_wconf 82' lang='lat' dir='ltr'>uide:</span> <span class='ocrx_word' id='word_1_230' title='bbox 1107 3055 1232 3104; x_wconf 90' lang='lat' dir='ltr'>omnes</span> <span class='ocrx_word' id='word_1_231' title='bbox 1257 3037 1477 3122; x_wconf 84' lang='lat' dir='ltr'>cougregati</span> 
     </span>
     <span class='ocr_line' id='line_1_26' title="bbox 334 3144 1515 3229; baseline -0.002 -20"><span class='ocrx_word' id='word_1_232' title='bbox 334 3146 436 3222; x_wconf 87' lang='lat' dir='ltr'>sunt;</span> <span class='ocrx_word' id='word_1_233' title='bbox 466 3145 504 3208; x_wconf 92' lang='lat' dir='ltr'>de</span> <span class='ocrx_word' id='word_1_234' title='bbox 537 3145 653 3226; x_wconf 85' lang='lat' dir='ltr'>quibus</span> <span class='ocrx_word' id='word_1_235' title='bbox 686 3148 719 3208; x_wconf 92' lang='lat' dir='ltr'>et</span> <span class='ocrx_word' id='word_1_236' title='bbox 750 3144 841 3222; x_wconf 88' lang='lat' dir='ltr'>infra,</span> <span class='ocrx_word' id='word_1_237' title='bbox 870 3145 983 3211; x_wconf 90' lang='lat' dir='ltr'>uidens</span> <span class='ocrx_word' id='word_1_238' title='bbox 1011 3146 1138 3229; x_wconf 85' lang='lat' dir='ltr'>ignotos</span> <span class='ocrx_word' id='word_1_239' title='bbox 1166 3147 1199 3209; x_wconf 93' lang='lat' dir='ltr'>et</span> <span class='ocrx_word' id='word_1_240' title='bbox 1229 3147 1411 3209; x_wconf 81' lang='lat' dir='ltr'>extraneos:</span> <span class='ocrx_word' id='word_1_241' title='bbox 1444 3147 1515 3208; x_wconf 68' lang='lat' dir='ltr'>ste</span> 
     </span>
     <span class='ocr_line' id='line_1_27' title="bbox 333 3251 1477 3336; baseline 0 -22"><span class='ocrx_word' id='word_1_242' title='bbox 333 3251 438 3316; x_wconf 89' lang='lat' dir='ltr'>dices</span> <span class='ocrx_word' id='word_1_243' title='bbox 469 3251 570 3316; x_wconf 87' lang='lat' dir='ltr'>cordi</span> <span class='ocrx_word' id='word_1_244' title='bbox 604 3255 683 3316; x_wconf 87' lang='lat' dir='ltr'>tuo:</span> <span class='ocrx_word' id='word_1_245' title='bbox 719 3251 802 3333; x_wconf 89' lang='lat' dir='ltr'>quis</span> <span class='ocrx_word' id='word_1_246' title='bbox 836 3251 934 3317; x_wconf 86' lang='lat' dir='ltr'>istos</span> <span class='ocrx_word' id='word_1_247' title='bbox 963 3252 1094 3336; x_wconf 84' lang='lat' dir='ltr'>genuit</span> <span class='ocrx_word' id='word_1_248' title='bbox 1125 3251 1237 3316; x_wconf 84' lang='lat' dir='ltr'>mibi?</span> <span class='ocrx_word' id='word_1_249' title='bbox 1269 3270 1378 3334; x_wconf 87' lang='lat' dir='ltr'>porro:</span> <span class='ocrx_word' id='word_1_250' title='bbox 1411 3251 1477 3314; x_wconf 88' lang='lat' dir='ltr'>hoa</span> 
     </span>
     <span class='ocr_line' id='line_1_28' title="bbox 334 3357 1478 3439; baseline -0.003 -17"><span class='ocrx_word' id='word_1_251' title='bbox 334 3360 418 3439; x_wconf 90' lang='lat' dir='ltr'>quis</span> <span class='ocrx_word' id='word_1_252' title='bbox 446 3358 535 3423; x_wconf 92' lang='lat' dir='ltr'>mihi</span> <span class='ocrx_word' id='word_1_253' title='bbox 566 3357 767 3421; x_wconf 83' lang='lat' dir='ltr'>educauit?</span> <span class='ocrx_word' id='word_1_254' title='bbox 797 3361 834 3422; x_wconf 92' lang='lat' dir='ltr'>at</span> <span class='ocrx_word' id='word_1_255' title='bbox 861 3358 899 3422; x_wconf 90' lang='lat' dir='ltr'>hi</span> <span class='ocrx_word' id='word_1_256' title='bbox 926 3358 1017 3422; x_wconf 93' lang='lat' dir='ltr'>mihi</span> <span class='ocrx_word' id='word_1_257' title='bbox 1047 3358 1109 3423; x_wconf 92' lang='lat' dir='ltr'>ubi</span> <span class='ocrx_word' id='word_1_258' title='bbox 1138 3357 1314 3423; x_wconf 80' lang='lat' dir='ltr'>fuerunt?</span> <span class='ocrx_word' id='word_1_259' title='bbox 1342 3357 1396 3421; x_wconf 88' lang='lat' dir='ltr'>bic</span> <span class='ocrx_word' id='word_1_260' title='bbox 1420 3357 1478 3422; x_wconf 90' lang='lat' dir='ltr'>erit</span> 
     </span>
     <span class='ocr_line' id='line_1_29' title="bbox 334 3463 1477 3548; baseline -0.003 -18"><span class='ocrx_word' id='word_1_261' title='bbox 334 3464 480 3530; x_wconf 90' lang='lat' dir='ltr'>Christus</span> <span class='ocrx_word' id='word_1_262' title='bbox 509 3483 569 3528; x_wconf 89' lang='lat' dir='ltr'>oon</span> <span class='ocrx_word' id='word_1_263' title='bbox 602 3465 848 3548; x_wconf 80' lang='lat' dir='ltr'>prophetarum?</span> <span class='ocrx_word' id='word_1_264' title='bbox 881 3469 914 3530; x_wconf 90' lang='lat' dir='ltr'>et</span> <span class='ocrx_word' id='word_1_265' title='bbox 945 3465 1017 3548; x_wconf 90' lang='lat' dir='ltr'>quis</span> <span class='ocrx_word' id='word_1_266' title='bbox 1050 3465 1109 3530; x_wconf 89' lang='lat' dir='ltr'>erit</span> <span class='ocrx_word' id='word_1_267' title='bbox 1137 3465 1283 3530; x_wconf 83' lang='lat' dir='ltr'>Christus</span> <span class='ocrx_word' id='word_1_268' title='bbox 1311 3463 1477 3529; x_wconf 87' lang='lat' dir='ltr'>Marcioni·</span> 
     </span>
     <span class='ocr_line' id='line_1_30' title="bbox 332 3571 1411 3655; baseline 0.002 -21"><span class='ocrx_word' id='word_1_269' title='bbox 332 3575 459 3636; x_wconf 85' lang='lat' dir='ltr'>turum?</span> <span class='ocrx_word' id='word_1_270' title='bbox 485 3573 511 3635; x_wconf 91' lang='lat' dir='ltr'>si</span> <span class='ocrx_word' id='word_1_271' title='bbox 535 3571 726 3654; x_wconf 89' lang='lat' dir='ltr'>peruersitas</span> <span class='ocrx_word' id='word_1_272' title='bbox 750 3573 869 3654; x_wconf 89' lang='lat' dir='ltr'>placet:</span> <span class='ocrx_word' id='word_1_273' title='bbox 895 3573 949 3654; x_wconf 90' lang='lat' dir='ltr'>qui</span> <span class='ocrx_word' id='word_1_274' title='bbox 973 3591 1034 3636; x_wconf 89' lang='lat' dir='ltr'>non</span> <span class='ocrx_word' id='word_1_275' title='bbox 1057 3571 1154 3636; x_wconf 84' lang='lat' dir='ltr'>fuerit</span> <span class='ocrx_word' id='word_1_276' title='bbox 1175 3572 1411 3655; x_wconf 89' lang='lat' dir='ltr'>prophetarum.</span> 
     </span>
    </p>
   </div>
   <div class='ocr_carea' id='block_1_3' title="bbox 332 3691 1478 4384">
    <p class='ocr_par' dir='ltr' id='par_1_3' title="bbox 332 3691 1478 4384">
     <span class='ocr_line' id='line_1_31' title="bbox 422 3691 1478 3762; baseline -0.003 -16"><span class='ocrx_word' id='word_1_277' title='bbox 422 3695 448 3761; x_wconf 76' lang='lat'>5]</span> <span class='ocrx_word' id='word_1_278' title='bbox 469 3693 502 3746; x_wconf 86' lang='lat' dir='ltr'>ci.</span> <span class='ocrx_word' id='word_1_279' title='bbox 522 3693 586 3746; x_wconf 89' lang='lat' dir='ltr'>Luc.</span> <span class='ocrx_word' id='word_1_280' title='bbox 606 3695 631 3756; x_wconf 87' lang='grc'>6,</span> <span class='ocrx_word' id='word_1_281' title='bbox 652 3695 693 3748; x_wconf 85' lang='grc'>14.</span> <span class='ocrx_word' id='word_1_282' title='bbox 758 3695 785 3762; x_wconf 85' lang='grc'>6]</span> <span class='ocrx_word' id='word_1_283' title='bbox 806 3693 838 3746; x_wconf 85' lang='lat' dir='ltr'>ci.</span> <span class='ocrx_word' id='word_1_284' title='bbox 860 3693 926 3748; x_wconf 87' lang='lat' dir='ltr'>Gen.</span> <span class='ocrx_word' id='word_1_285' title='bbox 948 3694 988 3753; x_wconf 85' lang='grc'>17,</span> <span class='ocrx_word' id='word_1_286' title='bbox 1009 3691 1321 3756; x_wconf 74' lang='lat' dir='ltr'>5.15.Num.13,17.</span> <span class='ocrx_word' id='word_1_287' title='bbox 1383 3691 1426 3761; x_wconf 71' lang='lat'>101</span> <span class='ocrx_word' id='word_1_288' title='bbox 1445 3691 1478 3746; x_wconf 80' lang='lat' dir='ltr'>ci.</span> 
     </span>
     <span class='ocr_line' id='line_1_32' title="bbox 332 3780 1477 3851; baseline -0.002 -16"><span class='ocrx_word' id='word_1_289' title='bbox 332 3781 378 3835; x_wconf 84' lang='lat' dir='ltr'>Es.</span> <span class='ocrx_word' id='word_1_290' title='bbox 398 3783 423 3848; x_wconf 85' lang='lat'>8,</span> <span class='ocrx_word' id='word_1_291' title='bbox 445 3782 486 3835; x_wconf 78' lang='lat'>14.</span> <span class='ocrx_word' id='word_1_292' title='bbox 534 3783 576 3850; x_wconf 81' lang='lat'>13]</span> <span class='ocrx_word' id='word_1_293' title='bbox 597 3782 630 3836; x_wconf 86' lang='lat' dir='ltr'>cl.</span> <span class='ocrx_word' id='word_1_294' title='bbox 651 3781 715 3837; x_wconf 86' lang='lat' dir='ltr'>Luc.</span> <span class='ocrx_word' id='word_1_295' title='bbox 735 3785 760 3848; x_wconf 86' lang='lat'>6,</span> <span class='ocrx_word' id='word_1_296' title='bbox 782 3784 895 3837; x_wconf 84' lang='grc'>17-19.</span> <span class='ocrx_word' id='word_1_297' title='bbox 942 3785 985 3851; x_wconf 80' lang='lat'>15]</span> <span class='ocrx_word' id='word_1_298' title='bbox 1004 3782 1049 3835; x_wconf 87' lang='lat' dir='ltr'>Ps.</span> <span class='ocrx_word' id='word_1_299' title='bbox 1069 3783 1112 3848; x_wconf 86' lang='grc'>86,</span> <span class='ocrx_word' id='word_1_300' title='bbox 1130 3783 1210 3836; x_wconf 78' lang='grc'><strong>4-5,</strong></span> <span class='ocrx_word' id='word_1_301' title='bbox 1257 3780 1361 3850; x_wconf 78' lang='lat' dir='ltr'>211Ea.</span> <span class='ocrx_word' id='word_1_302' title='bbox 1376 3783 1421 3841; x_wconf 76' lang='grc'>49,</span> <span class='ocrx_word' id='word_1_303' title='bbox 1436 3781 1477 3834; x_wconf 82' lang='grc'>12.</span> 
     </span>
     <span class='ocr_line' id='line_1_33' title="bbox 332 3871 859 3941; baseline 0.006 -18"><span class='ocrx_word' id='word_1_304' title='bbox 332 3873 376 3938; x_wconf 74' lang='lat'>2:31</span> <span class='ocrx_word' id='word_1_305' title='bbox 397 3871 440 3926; x_wconf 73' lang='lat' dir='ltr'>lle.</span> <span class='ocrx_word' id='word_1_306' title='bbox 460 3872 503 3934; x_wconf 83' lang='lat'>49,</span> <span class='ocrx_word' id='word_1_307' title='bbox 524 3871 564 3924; x_wconf 80' lang='grc'>18.</span> <span class='ocrx_word' id='word_1_308' title='bbox 621 3873 667 3941; x_wconf 71' lang='grc'>25]</span> <span class='ocrx_word' id='word_1_309' title='bbox 687 3873 732 3926; x_wconf 75' lang='lat' dir='ltr'>lle.</span> <span class='ocrx_word' id='word_1_310' title='bbox 751 3873 794 3937; x_wconf 77' lang='lat'>49,</span> <span class='ocrx_word' id='word_1_311' title='bbox 814 3875 859 3926; x_wconf 89' lang='grc'>21.</span> 
     </span>
     <span class='ocr_line' id='line_1_34' title="bbox 369 3958 1476 4030; baseline -0.002 -16"><span class='ocrx_word' id='word_1_312' title='bbox 369 3959 724 4030; x_wconf 71' lang='lat' dir='ltr'>bsarraelll‚saraeucclpo</span> <span class='ocrx_word' id='word_1_313' title='bbox 774 3962 902 4015; x_wconf 47' lang='lat' dir='ltr'>auseeilI</span> <span class='ocrx_word' id='word_1_314' title='bbox 940 3958 1306 4029; x_wconf 68' lang='lat' dir='ltr'>ScuretlmopsotcurMR</span> <span class='ocrx_word' id='word_1_315' title='bbox 1347 3959 1476 4014; x_wconf 80' lang='lat' dir='ltr'>tlsolidae</span> 
     </span>
     <span class='ocr_line' id='line_1_35' title="bbox 332 4047 1476 4120; baseline 0 -18"><span class='ocrx_word' id='word_1_316' title='bbox 332 4065 417 4116; x_wconf 80' lang='lat' dir='ltr'>aeque</span> <span class='ocrx_word' id='word_1_317' title='bbox 431 4047 509 4117; x_wconf 76' lang='lat' dir='ltr'>Eup:</span> <span class='ocrx_word' id='word_1_318' title='bbox 523 4047 626 4103; x_wconf 87' lang='lat' dir='ltr'>solidae</span> <span class='ocrx_word' id='word_1_319' title='bbox 641 4066 693 4120; x_wconf 69' lang='lat' dir='ltr'>que¹</span> <span class='ocrx_word' id='word_1_320' title='bbox 707 4049 749 4117; x_wconf 84' lang='lat' dir='ltr'>M,</span> <span class='ocrx_word' id='word_1_321' title='bbox 765 4049 922 4118; x_wconf 89' lang='lat' dir='ltr'>solidaeque</span> <span class='ocrx_word' id='word_1_322' title='bbox 936 4050 1056 4118; x_wconf 78' lang='lat' dir='ltr'>Rualpo</span> <span class='ocrx_word' id='word_1_323' title='bbox 1093 4049 1126 4103; x_wconf 82' lang='lat'>13</span> <span class='ocrx_word' id='word_1_324' title='bbox 1141 4048 1264 4118; x_wconf 89' lang='lat' dir='ltr'>proprius</span> <span class='ocrx_word' id='word_1_325' title='bbox 1274 4048 1347 4102; x_wconf 81' lang='lat' dir='ltr'>Pom</span> <span class='ocrx_word' id='word_1_326' title='bbox 1386 4047 1476 4103; x_wconf 76' lang='lat' dir='ltr'>mbos</span> 
     </span>
     <span class='ocr_line' id='line_1_36' title="bbox 334 4135 1476 4208; baseline 0 -19"><span class='ocrx_word' id='word_1_327' title='bbox 334 4136 498 4190; x_wconf 80' lang='lat' dir='ltr'>Cr&#39;nceonr&#39;ue</span> <span class='ocrx_word' id='word_1_328' title='bbox 569 4139 712 4206; x_wconf 84' lang='lat' dir='ltr'>spectabat</span> <span class='ocrx_word' id='word_1_329' title='bbox 729 4139 798 4207; x_wconf 77' lang='lat' dir='ltr'>Rip:</span> <span class='ocrx_word' id='word_1_330' title='bbox 818 4137 977 4208; x_wconf 81' lang='lat' dir='ltr'>expectabat</span> <span class='ocrx_word' id='word_1_331' title='bbox 994 4137 1058 4192; x_wconf 85' lang='lat' dir='ltr'>MR</span> <span class='ocrx_word' id='word_1_332' title='bbox 1131 4137 1163 4191; x_wconf 80' lang='lat'>17</span> <span class='ocrx_word' id='word_1_333' title='bbox 1183 4140 1263 4191; x_wconf 85' lang='lat' dir='ltr'>natus</span> <span class='ocrx_word' id='word_1_334' title='bbox 1281 4135 1326 4204; x_wconf 78' lang='lat' dir='ltr'>M,</span> <span class='ocrx_word' id='word_1_335' title='bbox 1344 4136 1432 4190; x_wconf 84' lang='lat' dir='ltr'>iactus</span> <span class='ocrx_word' id='word_1_336' title='bbox 1449 4135 1476 4189; x_wconf 84' lang='lat' dir='ltr'><em>R</em></span> 
     </span>
     <span class='ocr_line' id='line_1_37' title="bbox 332 4223 1475 4296; baseline 0 -18"><span class='ocrx_word' id='word_1_337' title='bbox 332 4226 416 4293; x_wconf 77' lang='lat' dir='ltr'>rrrelpo</span> <span class='ocrx_word' id='word_1_338' title='bbox 491 4226 523 4278; x_wconf 84' lang='lat'>19</span> <span class='ocrx_word' id='word_1_339' title='bbox 543 4227 589 4294; x_wconf 85' lang='lat' dir='ltr'>qui</span> <span class='ocrx_word' id='word_1_340' title='bbox 607 4227 643 4294; x_wconf 87' lang='lat' dir='ltr'>R,</span> <span class='ocrx_word' id='word_1_341' title='bbox 663 4229 727 4296; x_wconf 79' lang='lat' dir='ltr'>quia</span> <span class='ocrx_word' id='word_1_342' title='bbox 745 4227 787 4291; x_wconf 85' lang='lat' dir='ltr'>M,</span> <span class='ocrx_word' id='word_1_343' title='bbox 808 4229 868 4296; x_wconf 91' lang='lat' dir='ltr'>quis</span> <span class='ocrx_word' id='word_1_344' title='bbox 886 4227 916 4280; x_wconf 86' lang='lat' dir='ltr'><em>F</em></span> <span class='ocrx_word' id='word_1_345' title='bbox 981 4228 1016 4281; x_wconf 88' lang='grc'>20</span> <span class='ocrx_word' id='word_1_346' title='bbox 1035 4229 1095 4281; x_wconf 87' lang='lat' dir='ltr'>erat</span> <span class='ocrx_word' id='word_1_347' title='bbox 1112 4231 1194 4280; x_wconf 80' lang='lat' dir='ltr'>natus</span> <span class='ocrx_word' id='word_1_348' title='bbox 1212 4226 1255 4291; x_wconf 84' lang='lat' dir='ltr'>M,</span> <span class='ocrx_word' id='word_1_349' title='bbox 1273 4231 1355 4280; x_wconf 80' lang='lat' dir='ltr'>uatus</span> <span class='ocrx_word' id='word_1_350' title='bbox 1374 4223 1475 4280; x_wconf 79' lang='lat' dir='ltr'>eratR</span> 
     </span>
     <span class='ocr_line' id='line_1_38' title="bbox 333 4312 1405 4384; baseline 0.003 -20"><span class='ocrx_word' id='word_1_351' title='bbox 333 4315 366 4365; x_wconf 74' lang='lat'>25,</span> <span class='ocrx_word' id='word_1_352' title='bbox 386 4312 480 4366; x_wconf 85' lang='lat' dir='ltr'>uidens</span> <span class='ocrx_word' id='word_1_353' title='bbox 499 4313 570 4368; x_wconf 78' lang='lat' dir='ltr'>Lol:</span> <span class='ocrx_word' id='word_1_354' title='bbox 589 4315 665 4369; x_wconf 87' lang='lat' dir='ltr'>uides</span> <span class='ocrx_word' id='word_1_355' title='bbox 684 4317 747 4370; x_wconf 84' lang='lat' dir='ltr'>MR</span> <span class='ocrx_word' id='word_1_356' title='bbox 766 4318 877 4382; x_wconf 76' lang='lat' dir='ltr'>(rectius</span> <span class='ocrx_word' id='word_1_357' title='bbox 895 4317 961 4370; x_wconf 82' lang='lat' dir='ltr'>boec</span> <span class='ocrx_word' id='word_1_358' title='bbox 980 4317 1109 4369; x_wconf 75' lang='lat' dir='ltr'>distinxit</span> <span class='ocrx_word' id='word_1_359' title='bbox 1127 4315 1201 4384; x_wconf 78' lang='lat' dir='ltr'>Eup)</span> <span class='ocrx_word' id='word_1_360' title='bbox 1255 4315 1290 4368; x_wconf 85' lang='grc'>27</span> <span class='ocrx_word' id='word_1_361' title='bbox 1309 4314 1349 4367; x_wconf 91' lang='lat' dir='ltr'>bii</span> <span class='ocrx_word' id='word_1_362' title='bbox 1368 4315 1405 4368; x_wconf 80' lang='grc' dir='ltr'><em>Μ</em></span> 
     </span>
    </p>
   </div>
   <div class='ocr_carea' id='block_1_4' title="bbox 0 0 1630 4959">
    <p class='ocr_par' dir='ltr' id='par_1_4' title="bbox 0 0 1630 4959">
     <span class='ocr_line' id='line_1_39' title="bbox 0 0 1630 4959; baseline 0 0"><span class='ocrx_word' id='word_1_363' title='bbox 0 0 1630 4959; x_wconf 95' lang='lat' dir='ltr'> </span> 
     </span>
    </p>
   </div>
  </div>
 </body>
</html>
