3250 4959
421 423 480 480 VII.
499 423 667 478 Aduersus
686 423 887 480 Marcionem
905 424 953 478 lib.
974 424 997 479 V
1018 425 1059 480 ll.
1244 428 1309 492 613

159 617 305 702 captauit
335 617 381 683 sio
412 618 563 703 legendo:
597 619 640 684 in
673 620 822 702 quibus
855 620 953 685 deus
986 620 1077 695 aeni
1108 620 1240 700 buius,
1273 624 1311 686 nt

161 730 334 791 creatorem
363 726 532 792 ostendens
561 726 654 791 deum
682 726 778 792 huius
802 728 885 806 aeui,
918 727 1016 792 alium
1041 730 1192 813 suggerat
1215 727 1310 793 deum

161 833 294 900 alterius
309 834 389 898 aeui.
401 853 460 898 nos
477 835 583 899 contra
597 833 644 899 sic
659 833 920 920 distinguendum
935 834 1087 899 dicimus:
1105 834 1144 898 in
1160 834 1309 917 quibus

161 940 269 1018 deus,
286 939 411 1006 dehinc:
433 940 517 1006 aeui
536 941 651 1006 huius
672 941 891 1006 excaeoauit
914 944 1059 1006 mentes
1081 941 1309 1007 infidelium.

121 1046 192 1112 siu
213 1046 343 1128 quibus:
366 1045 494 1112 ludaeis
512 1046 705 1123 infidelibus,
728 1047 761 1112 iu
781 1047 897 1130 quibus
917 1049 1062 1130 opertum
1082 1049 1132 1112 est
1149 1047 1310 1130 aliquibus

162 1152 364 1238 euangelium
384 1153 487 1218 adhuc
506 1153 565 1218 sub
584 1155 741 1219 uelamine
760 1154 895 1237 Moysoi.
919 1154 985 1220 illis
1006 1155 1088 1218 enim
1108 1154 1198 1232 dous,
1216 1154 1310 1220 labiis

161 1260 370 1346 diligentibus
408 1279 491 1338 eum,
526 1260 619 1326 corde
657 1263 764 1326 autem
796 1260 891 1346 longe
928 1260 1158 1326 absistentibus
1191 1260 1229 1325 ab
1263 1279 1311 1338 ec,

160 1368 302 1432 minatus
325 1367 441 1432 fixerat:
471 1386 565 1431 aure
590 1366 773 1432 audietis
798 1371 838 1432 et
860 1387 934 1433 non
958 1367 1151 1446 audietis,
1177 1367 1310 1434 oculis

161 1472 369 1538 uidebitis
391 1476 429 1538 et
447 1491 522 1537 non
542 1474 759 1552 uidebitis,
781 1478 826 1540 et:
846 1475 931 1539 nisi
950 1473 1222 1540 credideritis
1241 1491 1311 1538 nec

113 1601 144 1642 ro
162 1580 441 1663 intellegetis,
467 1583 513 1645 at:
538 1580 716 1644 auferam
737 1582 983 1664 sapientiam
1003 1580 1253 1665 sapientium
1272 1584 1312 1644 et

162 1686 423 1771 prudentiam
448 1686 712 1770 prudentium
735 1687 901 1751 inritam
926 1688 1083 1752 faciam.
1106 1686 1184 1752 haec
1203 1691 1311 1751 antem

161 1811 225 1858 non
258 1791 370 1874 utique
403 1792 441 1857 da
474 1793 641 1876 euangelio
670 1791 720 1856 dci
746 1793 851 1876 ignoti
878 1792 1099 1858 abscondendo
1122 1792 1311 1858 minabatur.

162 1899 209 1964 ita
237 1899 298 1964 etsi
326 1898 422 1966 huius
450 1899 522 1962 acui
550 1898 639 1977 deus,
673 1899 729 1963 sed
752 1899 928 1964 infidelium
951 1899 1048 1964 buius
1072 1900 1143 1964 aeui
1166 1909 1312 1965 excaecat

164 2023 228 2080 cor,
252 2005 337 2087 quod
361 2004 524 2070 Christum
548 2005 617 2069 eius
640 2024 701 2069 non
725 2005 809 2070 ultro
828 2004 1071 2090 recognocen'nt
1089 2006 1126 2070 de
1146 2006 1311 2088 scripturis

115 2129 145 2170 ra
162 2111 423 2196 intellegendum.
444 2115 475 2176 et
488 2111 631 2193 positum
643 2111 675 2175 in
697 2111 906 2194 ambiguitate
925 2111 1140 2177 distinctionis
1159 2111 1312 2177 hactenus

163 2221 328 2296 tractasse,
366 2237 404 2283 ne
441 2218 621 2283 aduersario
654 2216 830 2300 prodesset,
868 2221 1047 2283 contentus.
1085 2219 1238 2283 uictoriae
1273 2239 1312 2285 ne

164 2326 249 2390 ultro
274 2345 332 2403 aa,
357 2344 489 2407 possum
514 2328 545 2389 et
568 2324 599 2388 in
623 2327 728 2389 totum
752 2323 985 2388 contentionem
1009 2325 1091 2390 banc
1114 2327 1313 2408 praeterisse.

165 2432 352 2514 simpliciori
385 2450 538 2514 responsu
570 2450 646 2515 prae
679 2450 773 2495 manu
807 2431 867 2495 crit
899 2451 969 2496 esse
996 2431 1092 2496 huius
1120 2432 1191 2496 aeui
1218 2431 1313 2497 deum

165 2539 327 2604 diabolum
363 2539 573 2620 interpretari,
612 2539 664 2619 qui
702 2538 815 2602 dixerit
851 2538 1006 2620 propbeta
1041 2539 1209 2602 referente:
1248 2557 1313 2602 ero

116 2643 1313 2726 msimilisaltissirni,ponaminnubibusthronnmmeum‚

167 2752 252 2816 sicut
284 2755 316 2815 et
348 2755 417 2815 tota
448 2752 544 2815 buius
573 2751 642 2814 aeui
672 2751 856 2833 superstitio
883 2751 932 2815 illi
959 2751 1138 2833 mancipata
1167 2756 1227 2828 est,
1261 2751 1315 2833 qui

167 2862 313 2924 excaecet
344 2857 520 2922 infidelium
555 2858 648 2921 corda
680 2861 712 2921 et
748 2857 893 2940 inprimis
931 2855 1095 2940 apostatae
1131 2857 1315 2922 Marcionis.

168 2964 303 3049 denique
335 2984 397 3029 non
424 2964 508 3029 nidit
535 2967 751 3029 occurrentem
776 2963 838 3028 sibi
863 2963 1041 3027 clausulam
1065 2983 1192 3029 sensus:
1226 2983 1315 3046 quo-

168 3070 272 3134 niam
301 3070 411 3146 deus,
446 3069 511 3153 qui
536 3068 640 3133 dixit
663 3087 706 3132 ex
729 3069 913 3133 tenebris
936 3067 1068 3133 lucem
1092 3070 1315 3145 lucescere,

120 3177 325 3242 careluxit
365 3177 404 3240 in
447 3175 641 3240 cordibus
684 3175 839 3239 nostris
876 3174 921 3238 ad
958 3174 1314 3240 inluminationem

169 3280 1206 3369 agnitionis<gloriao>suacinpersonaObristi.quis
1222 3281 1314 3346 dixit:

261 3529 284 3598 1]
303 3527 331 3581 II
349 3525 410 3581 cor.
428 3529 454 3594 4,
473 3528 498 3580 4.
544 3527 572 3595 4]
592 3525 629 3580 ib.
676 3525 702 3595 6]
723 3525 756 3580 cl.
776 3525 883 3585 baua,
905 3525 946 3580 13.
992 3525 1019 3594 8]
1038 3526 1083 3579 Es.
1103 3527 1129 3589 6,
1148 3528 1173 3580 9.
1224 3527 1250 3594 9]
1272 3526 1315 3579 Es.

171 3619 195 3683 7,
214 3617 240 3672 9.
297 3616 340 3684 10]
360 3615 470 3682 Esus,
491 3615 532 3669 14.
595 3614 831 3684 19]as.14‚14.
891 3615 936 3683 23]
955 3613 984 3667 ΙΙ
1002 3615 1063 3669 Cor.
1082 3615 1108 3676 4.
1128 3615 1153 3668 6.

206 3794 223 3848 3
242 3791 354 3846 alterius
368 3792 406 3845 M
421 3791 464 3857 (ia
481 3793 549 3858 raa.)
587 3791 619 3844 13
639 3789 691 3844 etsi
709 3791 790 3844 huius
804 3788 875 3853 MR,
894 3806 948 3843 non
966 3789 1047 3841 huius
1061 3786 1136 3841 Pam
1191 3792 1318 3842 excaecat

171 3882 207 3949 R,
226 3897 338 3935 excaeca
355 3881 392 3934 M
427 3880 460 3934 16
480 3883 623 3933 contentus
641 3879 772 3933 uictoriae
790 3879 876 3947 culpo
895 3877 987 3946 (prob.
1001 3877 1076 3946 Iinp)
1132 3893 1166 3929 ne
1180 3875 1253 3939 ΜΓ,
1265 3892 1317 3930 nae

170 3969 291 4038 Ruulpo
343 3969 374 4022 11
390 3968 470 4022 ultra
484 3965 901 4036 &accinctumaccensum
950 3964 1082 4018 laminam
1090 3965 1216 4032 manui:
1230 3963 1317 4018 obsim

170 4059 230 4113 aiae
248 4057 313 4127 qnid
333 4057 471 4110 detraham
490 4055 662 4111 intercidisse
679 4056 790 4110 uidebor
803 4054 850 4108 aet
862 4053 951 4107 simile
966 4053 1075 4120 aliquid
1112 4053 1145 4107 18
1159 4052 1318 4122 simpliciori

168 4149 230 4204 scil.
249 4147 355 4200 bomini
444 4161 574 4215 responsu
592 4145 705 4213 empti:
726 4159 855 4213 responso
874 4141 936 4196 MR
1019 4158 1077 4195 esse
1097 4166 1130 4187 =
1150 4142 1245 4196 licere:
1265 4157 1317 4196 oia.

172 4237 243 4290 Pam
318 4233 396 4288 deum
414 4235 528 4303 scripsi:
546 4233 682 4286 dominnm
703 4232 764 4286 MR
837 4230 993 4299 ingloriae
1013 4229 1178 4298 addidi(cf.
1198 4229 1317 4286 ΗΘΜ.

174 4329 201 4390 4,
223 4327 241 4378 6
259 4329 284 4377 et
299 4340 327 4391 p.
351 4325 398 4389 90,
420 4325 449 4387 5;
466 4328 611 4391 praeterea
631 4325 694 4388 614,
714 4321 759 4392 21)
