3250 4959
417 406 478 461 Vll.
496 407 664 462 Aduersus
682 409 882 462 Marcionem
901 409 948 463 lib.
968 408 981 460 Ι
1000 410 1115 464 22-23.
1278 417 1341 479 321

190 608 228 666 et
244 603 417 685 perfectam
437 603 625 674 bonitatem,
649 623 721 668 curn
746 604 815 685 siue
840 606 905 668 ullo
931 605 1037 670 debito
1062 607 1287 670 familiaritatis
1313 607 1343 671 in

191 713 360 774 extraneos
379 709 559 774 uoluntaria
582 714 615 775 et
633 710 733 774 libera
757 711 946 788 effundatur,
972 713 1145 776 secundum
1170 732 1263 795 quam
1288 713 1344 778 ini-

191 817 297 881 micos
324 835 452 898 quoque
480 820 605 881 nostros
634 821 666 881 et
695 817 754 882 hoc
783 818 909 881 nomine
937 819 1000 882 iam
1026 823 1189 884 extraneos
1214 821 1344 906 diligere

191 923 370 988 iubeamus.
413 943 469 988 our
501 943 576 1007 ergo
608 944 669 988 nou
703 944 721 987 a
753 925 925 1007 primordio
959 925 1118 990 hominem
1151 928 1297 1009 respexit.
1327 949 1345 991 a

159 1029 367 1112 sprimordio
401 1033 604 1094 extraneum?
641 1031 795 1096 cessando
829 1031 1061 1113 praeiudicauit
1094 1052 1166 1096 cum
1200 1035 1343 1100 extraneo

193 1137 277 1200 nihil
304 1137 366 1204 sibi
395 1156 473 1202 ease.
513 1141 653 1201 cetemm
682 1137 885 1219 disciplinam
910 1138 1061 1222 diligendi
1087 1145 1267 1204 extraneum
1291 1142 1345 1205 uel

193 1245 360 1308 inimicum
378 1244 552 1308 antecessit
576 1248 779 1326 praecept-um
804 1244 957 1328 diligendi
980 1245 1157 1328 proximum
1181 1250 1343 1329 tamquam

193 1349 362 1431 teipsum.
388 1349 473 1430 quod
497 1349 556 1412 etsi
581 1367 616 1411 er
640 1350 711 1432 lege
735 1348 898 1424 creatoris,
923 1353 955 1413 et
979 1357 1013 1413 tu
1039 1368 1164 1430 quoque
1189 1350 1269 1414 illud
1294 1371 1342 1416 er-

195 1457 301 1537 cipere
328 1455 470 1523 debebis.
503 1462 541 1519 ut
564 1475 582 1517 a
606 1455 732 1520 Christo
761 1474 822 1519 non
847 1455 1057 1522 destructum.
1087 1457 1143 1520 sed
1167 1457 1273 1539 potius
1298 1479 1345 1522 er-

147 1587 175 1628 ro
195 1566 366 1626 structum.
404 1581 475 1625 uam
501 1581 562 1643 quo
587 1561 690 1645 magis
714 1563 891 1644 proximum
917 1562 1042 1646 diligas.
1071 1561 1202 1646 diligere
1226 1563 1345 1628 iuberis

194 1668 359 1734 inimicum
398 1680 430 1731 et
467 1672 657 1732 extraneum.
705 1669 906 1752 exaggeratio
945 1673 995 1732 est
1030 1669 1155 1733 debitae
1192 1670 1344 1735 bonitatis

122 1804 126 1810 ·
196 1777 318 1840 exactio
337 1774 507 1839 indebitae.
532 1775 692 1839 antecedit
711 1780 817 1839 autem
839 1775 946 1839 debita
963 1775 1149 1852 indebitam,
1175 1781 1211 1840 ut
1233 1778 1345 1860 princi-

197 1883 291 1964 palis,
315 1885 352 1946 nt
375 1881 507 1966 dignior,
537 1887 573 1944 ut
595 1882 742 1946 ministra
769 1888 801 1945 et
825 1883 941 1946 comite
966 1899 1024 1946 sua
1053 1881 1097 1958 [id
1121 1887 1171 1947 eet
1193 1881 1345 1969 indebita]

196 1989 292 2070 prior.
331 1989 432 2072 igitur
459 2007 533 2052 cum
563 1988 664 2069 prima
690 1987 843 2052 bonitatis
867 1988 947 2052 ratio
972 1988 1068 2052 sitin
1093 2009 1157 2053 rem
1183 2009 1273 2054 suam
1299 2009 1347 2054 er-

148 2095 300 2160 rediberi
328 2115 364 2158 er
392 2094 527 2171 iustitia,
561 2094 701 2158 secunda
729 2098 836 2158 autem
865 2095 896 2158 in
922 2094 1054 2158 alienam
1081 2115 1115 2159 er
1139 2095 1347 2160 redundantia

195 2201 340 2272 iustitiae
358 2220 455 2283 super
473 2201 648 2265 acribarum
668 2207 700 2265 et
717 2201 972 2274 Pharisaeorum,
994 2203 1087 2283 quale
1106 2207 1156 2266 est
1175 2203 1346 2266 secundam

197 2309 227 2371 ei
254 2308 409 2373 rationem
432 2308 550 2383 referri,
580 2307 632 2371 cui
662 2306 770 2370 deficit
796 2307 908 2388 prima,
938 2326 997 2370 non
1028 2307 1157 2372 habenti
1186 2309 1346 2391 proprium

195 2415 356 2478 hominem
395 2433 431 2480 ao
460 2433 515 2497 per
542 2415 602 2478 hoc
638 2433 764 2495 quoque
793 2413 948 2496 exiguae?
985 2433 1076 2496 porro
1110 2415 1232 2497 exigua,
1266 2433 1346 2495 quae

112 2567 116 2579 .
196 2541 292 2586 suum
320 2540 381 2586 non
410 2521 532 2598 habuit,
567 2521 724 2603 quomodo
754 2520 785 2583 in
815 2521 953 2585 alienum
981 2521 1194 2585 redundauit?
1233 2520 1344 2584 erlribe

146 2657 174 2694 so
194 2628 400 2713 principalem
427 2628 593 2701 rationem,
627 2631 659 2691 et
687 2632 763 2691 tunc
792 2627 920 2691 uindico
944 2632 1139 2709 sequentem.
1178 2627 1266 2691 nulla
1296 2647 1346 2690 res

194 2737 264 2801 aine
283 2735 392 2801 ordino
411 2735 575 2800 rationalis
594 2738 702 2816 potest
721 2734 890 2810 uindicari,
911 2738 999 2799 tanto
1015 2735 1114 2812 abest,
1131 2739 1168 2800 ut
1182 2735 1261 2799 ratio
1278 2734 1347 2815 ipsa

193 2843 225 2906 in
254 2842 360 2923 aliquo
390 2841 529 2906 ordinem
558 2842 694 2905 amittat.
733 2842 776 2906 sit
803 2859 887 2904 nuuc
912 2845 944 2902 et
967 2859 984 2903 a
1009 2841 1145 2906 secundo
1170 2840 1269 2924 gradu
1293 2841 1340 2904 in·

193 2948 315 3029 cipians
342 2945 423 3010 ratio
451 2946 616 3022 bonitatis
650 2946 682 3008 in
715 2951 898 3011 extraneum
930 2945 1068 3009 scilicet:
1099 2965 1156 3010 nec
1186 2945 1350 3010 secundus·

284 3119 313 3188 2]
334 3117 367 3172 cl.
386 3119 484 3172 Matth.
505 3123 530 3181 5,
549 3121 596 3173 44:
616 3119 680 3174 Luc.
700 3121 725 3186 6,
745 3121 788 3173 at.
845 3121 871 3189 7]
892 3121 925 3174 cs.
941 3121 1005 3175 Leu.
1028 3122 1068 3179 19,
1087 3122 1132 3184 18;
1147 3119 1245 3174 Marah.
1262 3123 1287 3183 5,
1302 3121 1345 3174 43.

193 3210 223 3276 9]
244 3207 279 3261 ci.
296 3207 395 3261 Matth.
415 3210 439 3271 5,
459 3209 501 3261 17.
559 3209 604 3278 16]
624 3208 657 3262 cf.
677 3209 776 3263 lllattlr.
796 3211 822 3264 5.
841 3210 884 3262 20.

230 3333 248 3383 2
267 3331 421 3385 effundatur
437 3332 551 3400 scripsi:
572 3332 720 3387 effunditur
739 3333 801 3387 MR
861 3335 878 3386 4
898 3349 943 3386 cur
963 3334 1003 3401 M,
1024 3351 1083 3386 cunr
1104 3333 1223 3400 Ruutpo
1297 3331 1345 3385 ho·

192 3419 477 3490 minem-primordio
492 3437 543 3474 om.
559 3422 589 3473 F
637 3425 834 3480 dextraneum,
855 3421 984 3475 cessando
1004 3423 1086 3490 crrrlpo
1143 3427 1346 3489 aet-quoque

194 3515 227 3562 ut
243 3509 368 3577 saepius·
386 3515 502 3562 ceteram
515 3509 656 3577 facillime
673 3511 861 3578 rescripseris:
882 3513 940 3576 est,
959 3513 990 3563 tu
1011 3527 1117 3578 quoque
1201 3511 1217 3562 9
1237 3507 1345 3563 Christo

192 3601 281 3665 <tuo>
292 3598 354 3665 sori
419 3597 451 3650 13
475 3601 507 3650 ut
529 3597 654 3651 ministra
676 3598 746 3666 ΜΓ,
770 3599 896 3652 ministra
917 3599 1036 3668 Huulpo
1109 3597 1137 3651 id
1162 3599 1204 3651 est
1223 3596 1347 3654 indebita

192 3687 294 3740 sectori
363 3686 495 3742 indebita.
514 3688 588 3754 prior
605 3687 691 3756 igitur
708 3688 792 3757 uulgo
850 3689 880 3740 lt
902 3689 926 3742 ci
944 3688 1003 3742 scil.
1024 3687 1142 3740 bonitati
1146 3707 1155 3750 ,·
1174 3687 1257 3739 aliter
1275 3686 1346 3739 euim

193 3791 253 3828 nora
269 3774 442 3844 intellegetur·
459 3775 533 3843 quood
551 3776 631 3844 iufra
648 3777 772 3844 sequitur
791 3777 912 3845 exiguae.
931 3777 980 3830 eod
998 3793 1058 3830 oren
1074 3781 1187 3842 propter
1205 3774 1278 3828 illud
1292 3791 1345 3826 non

194 3863 309 3917 habenti
322 3864 459 3933 proprium
478 3863 616 3916 homiuem
630 3881 722 3932 paene
739 3866 893 3919 necessario
909 3865 1118 3934 intellegendum
1132 3865 1169 3916 eit
1184 3864 1208 3916 ei
1222 3863 1281 3916 ecit
1297 3863 1346 3916 deo

192 3952 362 4017 Marcionis,
381 3953 472 4004 oracio
492 3969 531 4005 an
548 3953 648 4021 apiaria
666 3955 724 4006 aiat
742 3954 898 4006 iudicando
917 3955 1004 4006 aerbo
1019 3951 1250 4006 ac-reduudauit
1304 3952 1347 4004 cui

195 4039 267 4105 MR,
286 4041 393 4094 scilicet
410 4041 529 4094 iuuaudo
549 4042 641 4107 alium,
662 4043 705 4095 cui
723 4043 795 4095 Pam
815 4046 858 4108 (erc
877 4043 935 4096 cod.
955 4043 992 4104 N,
1012 4043 1060 4111 qui
1078 4041 1159 4094 habet
1178 4041 1244 4094 haec
1262 4041 1346 4093 nerim

193 4145 216 4183 a.
239 4147 267 4182 a.
292 4147 311 4182 a
334 4145 420 4183 manu
445 4129 557 4182 librarii
583 4131 672 4197 ipsius
699 4131 811 4197 addita)
897 4131 1009 4184 habenti
1033 4129 1106 4184 Lot:
1135 4129 1268 4194 habentia¹
1284 4129 1347 4182 MR

197 4220 231 4272 19
250 4217 346 4272 exlribc
364 4217 435 4288 aa:
457 4219 582 4273 exhibere
601 4219 663 4274 MR
718 4221 749 4272 21
771 4222 841 4274 ratio
861 4222 919 4289 ipsa
938 4220 969 4273 id
987 4226 1025 4274 eet
1046 4219 1112 4274 deae
1162 4219 1347 4274 autoritatis

195 4309 332 4376 mauge
349 4323 409 4361 mm
428 4306 514 4376 gradu

222 4433 356 4472 xxxxvrr.
371 4433 432 4474 serr.
447 4433 489 4474 111.
1276 4414 1308 4465 21
