3250 4959
475 385 535 444 VH.
553 389 720 446 Aduersus
738 390 937 448 Marcionem
954 391 1002 448 lib.
1021 387 1046 446 V
1065 393 1107 449 12.
1302 393 1367 463 645

217 588 329 672 utique
359 587 393 652 in
421 606 458 654 eo
486 605 627 672 corpure,
663 588 696 653 in
725 605 787 672 qno
810 589 892 655 mori
915 590 1032 672 potnit,
1056 607 1114 674 per
1136 606 1261 656 carnom
1284 604 1366 657 mor-

216 699 294 760 tuus
323 697 357 760 et
383 711 445 760 non
478 713 534 780 par
566 689 745 774 ecclesiam,
769 683 871 779 'plane
898 698 1028 779 propter
1054 695 1224 762 ecclesiam
1252 712 1367 780 corpus

217 799 442 868 commutando
457 819 512 885 pro
527 818 668 884 corpore,
683 803 807 868 carnale
821 820 878 887 pro
893 801 1039 886 spiritali.
1105 802 1150 868 At
1168 820 1241 868 cum
1259 808 1370 870 monet

218 908 394 975 cauendum
410 927 428 973 a
443 907 721 992 subtililoquentia
734 909 767 973 et
784 907 997 992 philosophia,
1016 912 1054 974 nt
1068 909 1155 974 inani
1173 908 1369 987 seductione,

187 1031 301 1097 cquae
322 1015 366 1081 sit
389 1013 564 1080 secundum
587 1016 745 1080 elementa
762 1013 885 1095 mundi,
904 1048 947 1064 ·-
967 1033 1028 1081 non
1047 1011 1223 1081 secundum
1243 1016 1368 1082 caelum

219 1125 275 1188 aut
296 1125 412 1188 terram
436 1119 636 1200 diceresed
659 1121 843 1187 secundnm>
856 1121 982 1189 litteras
1004 1121 1184 1188 saeculares
1206 1131 1240 1188 et
1258 1139 1368 1188 secun·

220 1228 295 1295 dum
321 1227 536 1308 traditionem,
564 1228 688 1295 scilicet
715 1223 880 1293 hominum
903 1228 1186 1313 subtililoquorum
1209 1233 1244 1294 et
1264 1227 1370 1313 philo·

219 1335 392 1419 sophorum
416 1335 613 1420 -longum
636 1337 688 1401 est
710 1334 840 1419 quidem
863 1339 897 1400 at
920 1335 1052 1401 altanum
1074 1337 1179 1420 operis
1202 1334 1371 1402 truncus

218 1445 278 1508 hnc
306 1441 463 1508 sententia
490 1454 600 1507 omues
621 1440 770 1507 haereses
795 1441 948 1521 damnari,
980 1441 1065 1524 quod
1092 1458 1204 1507 omncs
1231 1460 1269 1506 er
1295 1442 1370 1508 suh·

174 1566 201 1610 ro
218 1548 450 1632 tililoquentiae
482 1543 605 1614 uiribus
639 1549 672 1612 at
702 1543 924 1632 philosophiae
959 1547 1082 1631 regulis
1117 1549 1275 1626 constent,
1312 1543 1370 1613 sed

218 1657 359 1723 Marcion
389 1655 596 1740 principalem
629 1671 707 1720 suae
738 1653 813 1720 fidei
840 1654 1013 1722 terminum
1042 1653 1081 1720 de
1103 1649 1233 1739 Epicuri
1260 1653 1371 1720 schola

219 1767 380 1850 agnoscat,
404 1763 499 1828 deum
522 1763 658 1829 inserens
683 1758 763 1850 [nec]
787 1762 947 1843 hebetem,
974 1778 1015 1828 ne
1040 1762 1148 1828 timeri
1175 1779 1249 1828 aum
1273 1761 1370 1840 dicat,

220 1869 380 1936 collocans
404 1873 438 1935 at
459 1887 533 1936 cum
553 1867 610 1934 deo
631 1872 772 1935 creatore
790 1865 957 1934 materiam
975 1867 1015 1932 de
1033 1868 1159 1951 porticu
1179 1867 1370 1946 Stoicorum,

219 1993 337 2062 negans
357 1977 460 2043 carnis
477 1975 752 2054 resurrectionem,
775 1975 816 2040 de
835 1990 899 2058 qua
915 1974 1046 2058 proinde
1060 1973 1148 2040 nulla
1165 1974 1371 2059 philosophia

175 2099 201 2146 rr
220 2085 388 2150 consentit
426 2083 517 2150 cuius
558 2081 695 2166 ingeniis
731 2085 798 2148 tam
834 2081 929 2167 longe
966 2081 1058 2148 ahast
1094 2081 1213 2150 neritm
1250 2086 1370 2159 nostra,

219 2194 258 2257 ut
289 2194 322 2256 at
352 2192 431 2256 iram
465 2186 516 2255 dei
548 2187 692 2255 excitare·
716 2183 869 2254 formidet
895 2191 929 2255 et
955 2183 1062 2255 omnia
1087 2188 1180 2254 illum
1208 2204 1244 2254 ax
1262 2187 1370 2255 nihilo

218 2298 392 2383 protulisse
415 2295 555 2363 confidat
572 2301 604 2363 at
622 2311 746 2362 earnem
765 2291 899 2361 eandem
916 2291 1142 2362 restituturum
1159 2295 1371 2380 repromittet,

220 2408 253 2470 at
270 2403 434 2470 Christum
457 2421 494 2470 er
511 2402 612 2470 uulua
629 2397 766 2489 uirginis
783 2406 895 2468 netum
912 2421 976 2468 non
994 2402 1171 2480 eruhescat,
1194 2396 1372 2467 ridentibus

219 2501 432 2596 philosophis,
447 2514 479 2577 et
492 2509 660 2577 haereticis
676 2513 709 2578 et
722 2510 859 2576 ethnicis
877 2509 967 2594 ipsis.
987 2510 1110 2575 stulta
1128 2509 1226 2574 enim
1245 2507 1372 2572 mundi

177 2635 207 2678 ro
225 2618 345 2702 elegit
367 2617 470 2696 deus,
494 2621 538 2682 ut
560 2616 766 2684 contundat
790 2616 996 2700 sapientes,
1019 2615 1076 2680 illc
1094 2615 1164 2682 sine
1184 2613 1292 2694 dubio,
1317 2615 1373 2697 qni

221 2743 258 2788 ex
281 2728 428 2809 respectu
451 2725 549 2790 huius
573 2743 650 2790 snae
674 2722 893 2806 dispositionis
912 2722 1110 2805 perditurum
1128 2739 1165 2788 aa
1183 2721 1373 2804 sapientiam

221 2831 414 2916 sapientium
436 2830 702 2915 praeminabatur.
734 2830 793 2894 hac
817 2828 1025 2912 simplicitate
1047 2827 1194 2893 uentatis
1218 2827 1374 2892 contraria

147 2997 149 3000 .
220 2939 515 3022 subtililoquentiae
543 2940 577 3004 et
602 2935 824 3021 philosophiae
851 2935 931 3002 nihil
958 2934 1102 3019 peruersi
1122 2950 1296 3018 possumus
1323 2951 1373 2998 aa·

219 3063 303 3129 pare.
359 3045 505 3129 Denique
519 3040 546 3108 si
560 3061 618 3109 nos
634 3042 712 3109 deus
728 3059 802 3107 cum
818 3040 946 3108 Christo
960 3039 1109 3107 uiuilicnt
1121 3039 1242 3106 donans
1257 3038 1375 3105 delicta

174 3165 202 3210 ιε
219 3151 323 3231 uobis,
356 3168 417 3216 non
445 3165 617 3234 possumus
646 3146 770 3215 credere
798 3147 838 3214 ah
866 3167 905 3214 eo
928 3147 1038 3213 donari
1061 3147 1188 3226 delicta,
1220 3146 1253 3211 in
1277 3161 1373 3228 quem

219 3258 361 3325 'admissa
383 3275 444 3325 non
466 3256 595 3336 fuerim,
619 3259 656 3320 ut
677 3258 762 3321 retro
785 3253 943 3340 ignotum.
1002 3254 1072 3339 Age
1090 3252 1165 3331 iam,
1185 3265 1259 3317 cum
1282 3251 1374 3316 dicit:

221 3387 325 3434 nemo
349 3386 417 3433 uos
441 3365 588 3430 iudicet
609 3365 646 3431 in
671 3363 753 3430 cibo
778 3367 815 3428 et
836 3366 928 3447 potu
949 3365 986 3426 at
1004 3362 1042 3426 in
1060 3365 1166 3446 parte
1186 3359 1262 3425 diei
1281 3358 1374 3424 fasti

315 3628 342 3698 a]
362 3626 394 3682 er.
416 3626 473 3682 cor.
492 3627 518 3688 2.
538 3625 563 3680 s.
615 3625 659 3693 ro]
678 3623 693 3678 1
713 3621 772 3678 σοι.
793 3622 818 3692 1,
837 3623 881 3681 27.
931 3621 978 3692 21]
997 3621 1031 3678 or.
1050 3622 1095 3676 m.
1114 3621 1159 3689 us,
1178 3622 1220 3677 14.
1275 3620 1321 3691 24]
1341 3620 1375 3676 er.

227 3717 285 3775 σοι.
304 3719 330 3785 a,
346 3717 387 3771 13.
443 3715 489 3785 aa]
506 3713 565 3770 σοι.
584 3713 609 3777 a,
631 3712 743 3768 16-17.

263 3843 278 3898 1
297 3842 365 3896 mori
384 3843 484 3912 potnit,
502 3856 551 3910 per
566 3855 672 3894 omnem
685 3839 809 3893 mortuus
824 3835 981 3906 etampei:
993 3835 1070 3890 mori
1083 3835 1176 3905 potuit
1192 3851 1241 3904 per
1260 3848 1375 3901 carnem¹
1507 3854 1510 3859 ¹

223 3935 350 3986 mortuus
368 3934 411 3985 est
427 3928 490 3984 MR
560 3926 632 3983 3ad
649 3927 688 3982 M
766 3925 980 3995 bparcetbtrioe
996 3923 1127 3980 mooe
1198 3925 1230 3978 ll
1251 3922 1326 3979 scola
1342 3922 1381 3976 Μ

229 4021 263 4075 12
282 4020 362 4074 deum
379 4017 573 4088 &dominum
591 4015 653 4071 MR
724 4023 775 4069 ne'c
791 4014 855 4070 secl.
873 4013 913 4067 12⁸
983 4029 1019 4068 ne
1036 4012 1084 4080 12³,
1101 4029 1152 4068 nec
1169 4011 1244 4067 1111ι
1316 4027 1377 4066 eum

227 4107 304 4164 dicat
320 4107 363 4173 Μ,
382 4107 458 4163 dicat
476 4123 536 4162 eum
556 4106 674 4175 scopo
717 4105 751 4160 15
768 4103 843 4174 (ab)
858 4102 977 4172 ingeniis
989 4102 1061 4170 sort.
1116 4101 1151 4156 19
1164 4100 1334 4171 philosophis
1350 4104 1378 4154 at

227 4197 312 4269 cutm
370 4196 506 4253 hethuicis
524 4195 561 4254 Μ
598 4195 634 4251 22
652 4195 705 4250 hac
722 4193 757 4262 Ε,
775 4193 847 4248 hauc
863 4191 902 4248 Μ
939 4191 975 4246 28
993 4195 1022 4246 et
1039 4189 1076 4257 R,
1094 4189 1187 4244 estM
1228 4191 1264 4244 25
1283 4188 1377 4244 donari

230 4286 331 4344 delimo
349 4287 391 4356 M,
411 4285 512 4342 delicta
531 4285 627 4340 donari
646 4282 764 4353 Raetus
