3250 4959
320 370 361 434 80
549 365 665 430 Quinti
685 365 826 433 Septimi
844 363 1015 418 Florentio
1034 364 1239 419 Tertulliani

320 562 412 622 earo?
437 561 468 622 et
492 558 568 641 quid
591 577 652 623 uor
677 559 726 623 dei
750 560 811 624 nisi
836 563 961 624 sermo?
989 563 1020 624 et
1049 560 1124 642 quid
1152 579 1256 624 sermo
1283 561 1345 625 nisi
1373 561 1466 644 spiri·

319 668 394 730 tus?
422 666 534 730 merito
565 685 688 730 carnem
717 667 978 741 resuscitaturus,
1007 666 1091 750 quod
1119 668 1223 732 factus
1252 671 1303 731 est
1328 668 1408 750 ipse,
1432 671 1466 731 et

320 791 356 836 er
379 777 492 849 morte,
516 791 610 855 quam
634 793 749 854 passus
779 778 829 838 est
851 774 931 856 ipse,
960 780 992 839 ot
1014 794 1050 838 er
1074 775 1230 857 sepulcro,
1259 793 1321 856 quo
1344 775 1466 839 inlatus

321 882 370 944 est
397 879 476 959 ipse.
512 879 645 962 deniqne
675 899 746 944 cum
780 881 872 946 dicit:
901 900 942 944 ne
975 881 1174 957 miremini,
1208 881 1305 964 quod
1337 881 1466 946 ueniet

320 985 417 1062 hora,
442 986 478 1051 iu
503 1007 574 1069 qna
598 1006 735 1063 omues,
761 989 824 1069 qui
848 988 885 1052 in
908 989 1160 1052 monumentis
1185 991 1283 1065 sunt,
1308 989 1464 1052 audient
1497 1011 1512 1052 s

319 1111 448 1158 nocem
485 1093 561 1158 filii
600 1093 658 1158 dei
699 1098 731 1158 et
768 1094 973 1177 procedent
1006 1095 1068 1176 qui
1097 1095 1193 1159 bona
1224 1097 1396 1160 feceruut
1428 1095 1462 1157 in

320 1199 421 1262 uitae
459 1200 789 1272 resurrectionem,
828 1200 890 1281 qui
927 1200 1024 1264 mula
1064 1201 1100 1264 in
1145 1201 1462 1266 resurrectionem

319 1304 465 1376 iudicii,
500 1325 592 1370 nemo
623 1307 687 1370 iam
725 1307 843 1389 poterit
875 1307 960 1372 aliud
992 1313 1137 1373 mortuos
1168 1308 1377 1390 interpretari.
1410 1309 1464 1390 qui

320 1411 441 1476 sintin
471 1415 696 1488 monumentis,
716 1413 785 1478 nisi
816 1431 945 1496 corpora
972 1418 1005 1479 et
1033 1433 1167 1491 carnem,
1200 1416 1276 1496 quie
1306 1433 1364 1479 noc
1395 1417 1465 1498 ipsa

319 1521 523 1584 monumenta
561 1520 648 1584 aliud
686 1539 778 1602 quam
818 1521 1008 1585 cadauerum
1047 1522 1182 1586 stabula
1233 1522 1389 1604 siquidem
1431 1525 1465 1585 et
1486 1547 1514 1587 ro

319 1623 381 1706 ipsi
410 1624 554 1689 homiues
582 1630 718 1700 ueteres,
747 1619 780 1690 id
816 1629 867 1689 est
894 1630 1087 1708 peccatores,
1123 1626 1157 1691 id
1185 1631 1235 1691 eet
1265 1627 1384 1693 mortui
1409 1645 1465 1708 per

320 1731 528 1817 ignorantiam
568 1732 629 1812 dei,
669 1753 748 1814 qnos
787 1738 991 1798 monumenta
1030 1734 1261 1817 intellegendos
1300 1752 1463 1817 argumen-

319 1841 427 1902 tantur
450 1839 611 1904 haeretiei.
637 1840 674 1903 de
694 1841 908 1905 monumentis
927 1841 1106 1922 processuri
1129 1841 1161 1905 in
1179 1840 1335 1905 iudicium
1360 1843 1465 1923 aperte

320 1945 549 2029 praedicantur.
579 1949 719 2010 ceterum
752 1946 911 2028 quomodo
945 1947 982 2009 de
1015 1948 1229 2011 monumentis
1260 1951 1466 2012 monumenta

320 2053 511 2134 procedent?
1484 2071 1512 2112 re

365 2161 414 2222 38.
441 2159 519 2224 Post
542 2159 626 2224 dicta
650 2159 768 2224 domini
787 2160 878 2225 'facta
904 2161 1001 2225 etiam
1027 2162 1099 2228 ains
1123 2161 1199 2243 quid
1227 2179 1338 2242 sapere
1360 2159 1464 2224 creda·

321 2285 403 2339 mus,
434 2266 472 2329 de
501 2267 623 2347 capulis
653 2267 690 2330 de
719 2267 875 2349 sepulcris
903 2271 1047 2333 mortuos
1074 2267 1317 2332 resuscitantis?
1345 2267 1397 2330 cui
1420 2265 1465 2329 rei

322 2371 430 2436 istud?
455 2372 481 2436 si
507 2372 547 2435 ad
571 2373 749 2454 simplicem
774 2373 1017 2437 ostentationem
1042 2374 1211 2457 potestatis
1239 2377 1295 2436 aut
1317 2372 1357 2436 ad
1379 2390 1467 2453 prae·

322 2484 442 2542 sentem
468 2480 599 2562 gratiam
624 2479 893 2555 redanimationis,
922 2499 981 2544 uon
1007 2480 1084 2544 adeo
1112 2500 1264 2564 maguum
1287 2480 1335 2543 illi
1363 2478 1466 2542 denno

321 2586 491 2650 morituros
507 2587 671 2651 suscitare.
691 2587 850 2650 enimuero
866 2588 894 2651 si
909 2587 948 2651 ad
967 2586 1062 2651 fidem
1080 2588 1187 2669 potius
1207 2585 1466 2668 sequestrandam
1483 2605 1513 2644 so

321 2693 446 2756 initurae
470 2693 720 2758 resurrectionis.
751 2713 825 2776 ergo
850 2697 883 2758 et
904 2693 961 2757 illa
983 2694 1154 2777 corporalis
1177 2693 1406 2776 praescribitur
1428 2691 1466 2754 da

322 2798 506 2863 documenti
545 2799 595 2864 sui
632 2800 742 2864 forma.
779 2819 837 2864 neo
869 2801 1034 2865 sustinebo
1068 2801 1209 2865 dicentes
1241 2799 1359 2864 idcirco
1390 2801 1467 2862 tuuc

322 2907 584 2969 resurrectionem
606 2907 728 2970 animae
747 2907 807 2972 soli
829 2907 1018 2971 destinatam
1038 2908 1070 2970 in
1091 2927 1215 2972 caruem
1235 2925 1361 2989 quoque
1379 2923 1466 2986 prae

323 3011 510 3088 cucurrisse,
532 3011 606 3093 quia
625 3031 685 3076 non
704 3013 865 3096 potuisset
879 3015 972 3077 aliter
991 3013 1114 3077 ostendi
1134 3013 1324 3078 resurrectio
1343 3013 1466 3077 animae

321 3118 495 3183 inuisibilis
520 3119 581 3182 nisi
604 3139 659 3202 per
686 3120 825 3184 nisibilis
850 3121 1048 3184 substantiae
1076 3119 1360 3184 resuscitationem.
1384 3119 1466 3182 male
1484 3135 1510 3174 ro
1614 3126 1615 3203 ὲ

322 3223 416 3289 deum
446 3231 560 3290 norunt
588 3229 642 3309 qni
669 3243 729 3291 non
759 3231 873 3308 putant
894 3228 986 3291 illum
1015 3247 1109 3309 posse
1138 3227 1219 3310 qnod
1249 3246 1310 3291 non
1338 3228 1465 3308 potants

322 3335 486 3397 ettamen
515 3333 621 3398 sciunt
649 3333 803 3416 potuisse,
837 3333 864 3397 si
891 3333 1136 3398 instrumentum
1166 3334 1314 3398 Iohannis
1343 3334 1466 3397 uoruut.

323 3439 376 3520 qui
400 3439 482 3502 enim
504 3441 624 3504 animas
645 3439 748 3504 adbuc
768 3441 852 3504 solas
872 3445 1046 3523 martyrum
1070 3442 1129 3504 sub
1155 3441 1246 3504 altari
1266 3439 1465 3522 quiescentes

322 3547 505 3628 conspectui
530 3546 681 3622 subdidit,
705 3551 816 3627 posset
840 3547 949 3629 utique
973 3549 1005 3611 et
1027 3550 1231 3630 resurgentes
1256 3547 1357 3610 oculis
1382 3545 1464 3608 erbi-

412 3771 440 3838 4]
460 3770 519 3824 Ioh.
540 3773 564 3840 5,
584 3771 698 3824 28-29.
793 3774 836 3840 11]
856 3772 889 3826 cf.
909 3772 1091 3842 Eph.4,22;
1112 3771 1168 3826 Col.
1194 3773 1221 3834 3,
1243 3773 1268 3828 9.
1359 3771 1405 3842 28]
1431 3769 1463 3824 cf.

321 3861 404 3928 Apec.
425 3861 449 3926 6,
470 3861 493 3910 9.

358 4001 484 4054 2iactum
495 4001 522 4052 P
575 4002 644 4055 ‘dest
654 4017 704 4056 om.
715 4003 745 4056 F
793 4008 821 4054 et
835 4002 961 4072 er—ipse
975 4019 1026 4056 om.
1040 4003 1069 4055 P
1080 4003 1156 4071 (add.
1171 4001 1200 4056 R
1214 4019 1247 4056 en
1260 4003 1464 4072 Hirsnuyicnstb

323 4091 439 4143 50mnis
455 4091 488 4144 M
543 4091 622 4144 bfilii
638 4092 679 4144 dei
695 4109 787 4144 uocem
804 4091 833 4144 F
882 4093 914 4145 16
931 4093 987 4146 eius
1002 4092 1130 4146 etiamF
1182 4093 1213 4145 17
1229 4093 1416 4147 resuscitantis
1429 4091 1464 4159 R,

322 4180 489 4233 resuscitatis
513 4179 548 4249 F,
572 4181 765 4234 resuscitandis
788 4182 852 4234 PM
901 4183 937 4234 20
960 4182 1091 4234 suscitare
1113 4181 1201 4234 Pam:
1228 4182 1354 4234 suscitari
1378 4181 1469 4234 PHF

322 4269 356 4321 23
376 4272 573 4337 procucurrisse
587 4273 658 4340 fort.
