3250 4959
392 389 442 445 111.
462 390 628 444 Aduersus
647 391 885 461 Hermogenem
906 392 1020 447 29—31.
1218 398 1280 461 159

126 584 301 661 inducitur,
332 586 371 649 de
403 588 452 651 lot
482 585 656 651 formamm
689 587 855 652 uocabulis
889 587 1035 653 informis
1070 589 1280 654 adseueretur.

127 709 185 754 non
217 691 318 766 edito,
349 690 425 773 quid
453 691 496 755 sit
523 690 605 755 illud
634 710 746 775 corpus
776 692 982 771 confusionis,
1013 692 1122 781 [qnod]
1151 696 1279 759 unicum

128 796 239 878 ntique
265 796 456 884 eredendum
480 801 540 868 est,
565 797 593 861 si
616 798 749 862 informe
774 802 833 863 est.
858 799 1015 865 uniforme
1040 801 1167 875 etenim,
1197 800 1280 883 quod

127 903 273 968 informe.
303 910 336 967 et
360 904 493 969 informe
523 908 640 983 autem,
668 904 752 987 quod
780 924 818 969 er
841 906 994 971 uarietate
1025 907 1192 973 confusum
1222 911 1280 981 est,

99 1028 221 1073 sunam
247 1010 365 1074 babeat
387 1029 517 1076 necesse
541 1016 592 1076 est
615 1012 762 1094 speciem,
792 1012 877 1093 quod
901 1032 960 1077 non
985 1013 1089 1089 babet,
1115 1010 1277 1101 [speeiem]

128 1115 202 1180 dnm
215 1116 331 1199 (nibil)
346 1136 383 1181 er
397 1117 508 1182 multis
522 1138 618 1182 unam
633 1118 729 1182 babet
749 1118 898 1201 speciem.
917 1122 1055 1183 ceterum
1072 1123 1127 1183 eut
1142 1120 1280 1185 habebat

127 1221 215 1287 inse
239 1223 368 1305 species
390 1223 470 1287 istas
495 1224 638 1302 materia,
663 1224 700 1289 de
721 1244 853 1307 quarum
880 1226 1046 1290 uocabulis
1069 1226 1281 1312 intellegenda

129 1334 223 1405 esset,
243 1330 396 1395 tenebras
416 1330 486 1395 dico
507 1335 539 1396 et
557 1330 707 1414 abyssum
728 1335 760 1395 et
780 1331 928 1415 spiritum
953 1337 984 1396 et
1009 1351 1117 1414 squas,
1143 1338 1198 1398 sut
1221 1354 1280 1399 non

129 1434 282 1500 babebat:
309 1437 336 1500 si
370 1429 477 1514 [enim]
511 1436 658 1513 habebat,
688 1437 847 1519 quomodo
877 1437 1037 1503 inducitur
1064 1457 1124 1503 non
1162 1439 1280 1505 babens

92 1567 114 1603 n
131 1540 270 1607 formas?
295 1542 324 1606 si
348 1561 409 1607 non
434 1542 581 1620 habebat,
605 1542 719 1626 (unde)
743 1544 949 1626 agnoscitur?

173 1649 226 1715 31.
261 1647 327 1715 Sed
360 1652 392 1712 et
424 1648 505 1713 illud
537 1650 649 1731 utique
678 1650 870 1733 captabitur,
903 1650 941 1714 de
971 1652 1056 1716 caelo
1086 1653 1154 1717 solo
1183 1655 1216 1715 et
1244 1652 1280 1716 de

132 1757 211 1818 terra
233 1756 300 1819 ista
329 1755 517 1838 scripturam
548 1756 757 1840 significasse,
786 1756 871 1839 quod
896 1776 932 1821 ea
959 1757 990 1821 in
1020 1758 1174 1841 principio
1204 1758 1281 1823 deus

133 1861 249 1940 lecerit,
285 1862 324 1925 de
358 1861 525 1944 speciebus
555 1866 661 1927 autern
690 1882 786 1945 snpra
814 1862 909 1926 dictis
938 1862 1017 1927 nihil
1049 1862 1122 1941 tale,
1151 1868 1184 1929 et
1210 1864 1281 1929 ideo
1401 1944 1406 1955 ἱ

132 1986 192 2045 ess,
215 1987 300 2051 quae
319 1968 420 2032 laetae
439 1988 499 2032 non
519 1968 747 2053 significentur,
772 1967 812 2031 ad
830 1968 986 2034 infectam·
1001 1970 1166 2035 materiam
1187 1972 1281 2053 perti·

97 2096 118 2134 e
135 2093 214 2139 nere.
242 2074 510 2159 respondebimus
538 2076 614 2140 buin
642 2092 767 2159 quoque
796 2076 957 2158 scrupulo.
990 2077 1147 2159 scriptura
1174 2077 1281 2143 diuina

135 2181 210 2245 satis
228 2181 411 2260 dissereret,
435 2183 461 2247 si
486 2202 627 2249 summas
649 2183 736 2266 ipsas
761 2202 866 2247 rerum
887 2203 905 2247 a
925 2183 983 2247 deo
1003 2184 1103 2249 lectas
1124 2203 1280 2249 commen-

137 2285 250 2367 desset,
281 2288 406 2353 caelum
440 2292 472 2354 et
503 2294 629 2364 terram,
662 2290 815 2354 habentes
853 2290 964 2372 utique
998 2294 1172 2374 suggestus
1206 2311 1281 2356 suos

136 2395 288 2476 proprios,
323 2396 378 2477 qui
411 2396 442 2460 in
475 2396 555 2478 ipsis
590 2396 724 2461 summis
757 2396 901 2480 intellegi
933 2400 1075 2480 possent.
1108 2401 1280 2481 suggestus

138 2503 239 2564 sutem
263 2500 345 2565 caeli
371 2506 403 2565 st
421 2505 520 2566 terrae
543 2502 643 2585 primo
664 2506 739 2565 tunc
758 2501 885 2566 luerunt
909 2501 1054 2566 tenebrae
1079 2505 1111 2565 et
1134 2502 1280 2585 abyssus,

102 2608 192 2683 solet]
214 2607 350 2690 spiritus
379 2613 411 2672 et
438 2627 549 2691 aquae.
578 2629 649 2672 nam
678 2612 780 2673 terrac
810 2608 938 2692 quidem
967 2607 1117 2673 suberant
1145 2609 1280 2692 abyssus

140 2714 169 2773 et
191 2715 350 2778 tenebrae.
378 2714 406 2778 si
438 2715 521 2779 enim
555 2714 689 2798 abyssus
722 2714 802 2779 iufra
834 2717 960 2793 terram,
994 2715 1141 2779 tenebrae
1174 2718 1280 2779 autem

141 2835 230 2901 super
247 2821 411 2904 abyssum,
432 2822 499 2886 sine
518 2821 614 2887 dubio
634 2827 667 2887 et
684 2823 832 2887 tenebrae
853 2825 885 2887 et
903 2822 1037 2906 abyssus
1056 2821 1137 2885 inira
1155 2825 1281 2886 terram.

141 2926 222 2990 eaelo
245 2946 323 2992 uero
348 2928 479 3011 spiritus
504 2932 536 2992 et
558 2948 658 3011 aquae
676 2928 892 2993 subiacebunt.
916 2948 988 2992 nam
1013 2927 1040 2991 si
1064 2945 1163 3009 aquae
1187 2946 1282 3010 super

141 3030 261 3112 terram,
281 3052 364 3115 quae
384 3053 453 3097 eam
471 3036 620 3113 tererent,
644 3035 776 3117 spiritns
797 3037 902 3099 autem
924 3053 1019 3115 super
1037 3052 1146 3116 aquas,
1165 3034 1282 3114 pariter

105 3138 171 3198 eet
191 3138 323 3220 spiritns
353 3143 385 3204 et
413 3159 512 3221 aquae
541 3160 636 3223 snper
662 3144 789 3205 terram.
820 3159 900 3222 quae
928 3158 1002 3204 uero
1032 3144 1279 3223 superterram,

176 3466 188 3518 1
206 3466 388 3537 adseneretnr,
407 3486 460 3522 non
480 3470 562 3539 uulpo
616 3471 633 3521 2
653 3468 724 3539 quod
742 3469 842 3539 seclusi
896 3470 913 3521 4
932 3468 1053 3523 informe.
1074 3472 1101 3522 et
1114 3468 1226 3537 scripsi:
1241 3469 1280 3521 in-

143 3551 219 3609 forme
237 3562 280 3611 est
299 3557 385 3611 PNF
453 3558 593 3612 confusum
617 3562 768 3612 estunam
789 3574 845 3611 van
869 3557 916 3611 der
939 3556 1012 3610 Vliet
1036 3558 1127 3625 (cuius
1149 3558 1281 3625 interpre-

145 3642 267 3700 tationem
291 3647 375 3713 (stud.
398 3648 460 3701 eccl.
478 3664 509 3716 p.
533 3649 584 3713 80)
604 3648 724 3716 probare
746 3663 805 3700 non
823 3650 947 3715 possum)
1002 3648 1018 3699 5
1043 3646 1159 3715 speciem
1183 3646 1282 3700 seclusi

145 3727 240 3787 tuitii
256 3734 358 3788 addidi
410 3734 495 3789 habet
512 3735 577 3800 ΡΝ,
595 3734 694 3788 babent
711 3735 834 3803 Fifort.
853 3740 929 3801 reete,
950 3734 1126 3801 cf.142,16)
1165 3732 1281 3787 lintel-

146 3814 253 3887 legenda
268 3828 343 3877 essct
365 3822 430 3877 Urs:
447 3822 646 3892 intellegendas
665 3839 723 3876 esse
742 3823 806 3890 PN,
826 3822 1020 3892 intelligendae
1039 3838 1067 3875 se
1088 3822 1119 3875 F
1174 3822 1190 3875 9
1210 3821 1281 3876 enim

146 3908 246 3964 selua:
262 3916 355 3966 antem
368 3912 426 3967 Iun
502 3911 606 3966 ducitur
622 3910 898 3965 hebensformsmF
952 3912 984 3965 10
998 3910 1069 3963 unde
1084 3910 1149 3966 add.
1164 3927 1221 3964 nan
1235 3910 1282 3964 der

112 4026 116 4035 ·
151 3992 227 4051 Vliet:
236 4000 409 4071 (quomodo)
422 3999 474 4055 Ure
512 4002 544 4055 12
560 4000 632 4070 quod
646 4002 719 4054 eain
734 4001 847 4068 scripsi:
862 3999 933 4069 quod
949 4016 1007 4053 eam
1021 4000 1050 4052 in
1064 3998 1129 4065 PN,
1144 4016 1195 4069 quo
1211 4016 1243 4053 ea
1255 4000 1285 4053 F

150 4082 177 4137 16
189 4084 328 4145 dissereret
337 4091 361 4144 si
373 4106 491 4145 summas
500 4089 533 4144 N
533 4089 607 4151 GR³,
622 4088 768 4143 dissereret
781 4105 899 4142 summae
910 4088 983 4154 Plu,
997 4088 1112 4141 dissensi
1127 4105 1245 4142 summes
1254 4088 1284 4141 F

151 4171 179 4225 19
193 4174 299 4233 inemnt
314 4178 380 4245 NF,
398 4178 501 4233 fuerint
518 4180 545 4232 P
561 4179 645 4247 aalys
699 4178 734 4231 20
758 4182 786 4231 et
807 4178 920 4232 seclusi:
943 4178 990 4245 (es.
1013 4181 1079 4241 160,
1099 4181 1145 4241 21)
1218 4177 1280 4231 sub·

150 4266 219 4317 arsut
231 4268 342 4337 scsa'pss':
360 4268 471 4321 suberat
487 4267 551 4334 PN,
570 4271 680 4337 superat
698 4266 729 4320 F
779 4268 815 4320 24
835 4282 902 4336 quac
920 4265 969 4333 3³,
989 4266 1069 4335 quale
1087 4264 1210 4320 PNFR¹
