<?xml version="1.0" encoding="UTF-8"?>
<!DOCTYPE html PUBLIC "-//W3C//DTD XHTML 1.0 Transitional//EN"
    "http://www.w3.org/TR/xhtml1/DTD/xhtml1-transitional.dtd">
<html xmlns="http://www.w3.org/1999/xhtml" xml:lang="en" lang="en">
 <head>
  <title>
</title>
<meta http-equiv="Content-Type" content="text/html;charset=utf-8" />
  <meta name='ocr-system' content='tesseract 3.04.00' />
  <meta name='ocr-capabilities' content='ocr_page ocr_carea ocr_par ocr_line ocrx_word'/>
</head>
<body>
  <div class='ocr_page' id='page_1' title='image "./corpusscriptoru20wissgoog_0507.png"; bbox 0 0 3250 4959; ppageno 0'>
   <div class='ocr_carea' id='block_1_1' title="bbox 376 416 1300 481">
    <p class='ocr_par' dir='ltr' id='par_1_1' title="bbox 376 416 1300 481">
     <span class='ocr_line' id='line_1_1' title="bbox 376 416 1300 481; baseline 0.002 -12"><span class='ocrx_word' id='word_1_1' title='bbox 376 416 438 469; x_wconf 84' lang='lat' dir='ltr'>VII.</span> <span class='ocrx_word' id='word_1_2' title='bbox 458 416 627 470; x_wconf 85' lang='lat' dir='ltr'>Aduersus</span> <span class='ocrx_word' id='word_1_3' title='bbox 646 416 845 469; x_wconf 84' lang='lat' dir='ltr'>Marcionem</span> <span class='ocrx_word' id='word_1_4' title='bbox 864 416 913 469; x_wconf 91' lang='lat' dir='ltr'>lib.</span> <span class='ocrx_word' id='word_1_5' title='bbox 932 416 989 469; x_wconf 88' lang='lat'>1111</span> <span class='ocrx_word' id='word_1_6' title='bbox 1008 416 1087 468; x_wconf 85' lang='grc'>7-8.</span> <span class='ocrx_word' id='word_1_7' title='bbox 1236 418 1300 481; x_wconf 86' lang='grc'>437</span> 
     </span>
    </p>
   </div>
   <div class='ocr_carea' id='block_1_2' title="bbox 97 610 1303 3681">
    <p class='ocr_par' dir='ltr' id='par_1_2' title="bbox 97 610 1303 3681">
     <span class='ocr_line' id='line_1_2' title="bbox 146 610 1302 694; baseline -0.001 -18"><span class='ocrx_word' id='word_1_8' title='bbox 146 612 278 677; x_wconf 82' lang='lat' dir='ltr'>nobis’?</span> <span class='ocrx_word' id='word_1_9' title='bbox 302 613 359 677; x_wconf 89' lang='lat' dir='ltr'>sed</span> <span class='ocrx_word' id='word_1_10' title='bbox 383 611 585 693; x_wconf 89' lang='lat' dir='ltr'>‘quidnobis</span> <span class='ocrx_word' id='word_1_11' title='bbox 611 616 642 675; x_wconf 94' lang='lat' dir='ltr'>et</span> <span class='ocrx_word' id='word_1_12' title='bbox 666 612 757 675; x_wconf 83' lang='lat' dir='ltr'>tibi’?</span> <span class='ocrx_word' id='word_1_13' title='bbox 790 630 825 676; x_wconf 90' lang='lat' dir='ltr'>se</span> <span class='ocrx_word' id='word_1_14' title='bbox 859 611 1027 694; x_wconf 80' lang='lat' dir='ltr'><strong>deplorans</strong></span> <span class='ocrx_word' id='word_1_15' title='bbox 1057 614 1091 675; x_wconf 92' lang='lat' dir='ltr'>et</span> <span class='ocrx_word' id='word_1_16' title='bbox 1118 610 1198 674; x_wconf 91' lang='lat' dir='ltr'>sorti</span> <span class='ocrx_word' id='word_1_17' title='bbox 1225 630 1302 675; x_wconf 91' lang='lat' dir='ltr'>suae</span> 
     </span>
     <span class='ocr_line' id='line_1_3' title="bbox 148 716 1301 801; baseline 0 -18"><span class='ocrx_word' id='word_1_18' title='bbox 148 720 353 801; x_wconf 82' lang='lat' dir='ltr'>exprobrans.</span> <span class='ocrx_word' id='word_1_19' title='bbox 384 736 476 801; x_wconf 89' lang='lat' dir='ltr'>quam</span> <span class='ocrx_word' id='word_1_20' title='bbox 501 717 562 781; x_wconf 91' lang='lat' dir='ltr'>iam</span> <span class='ocrx_word' id='word_1_21' title='bbox 587 718 701 783; x_wconf 91' lang='lat' dir='ltr'>uidens</span> <span class='ocrx_word' id='word_1_22' title='bbox 726 716 837 781; x_wconf 86' lang='lat' dir='ltr'>adicit:</span> <span class='ocrx_word' id='word_1_23' title='bbox 868 717 1012 781; x_wconf 89' lang='lat' dir='ltr'>uenisti</span> <span class='ocrx_word' id='word_1_24' title='bbox 1041 717 1196 800; x_wconf 79' lang='lat' dir='ltr'>perdere</span> <span class='ocrx_word' id='word_1_25' title='bbox 1224 737 1301 784; x_wconf 90' lang='lat' dir='ltr'>nos.</span> 
     </span>
     <span class='ocr_line' id='line_1_4' title="bbox 147 823 1302 903; baseline 0.001 -15"><span class='ocrx_word' id='word_1_26' title='bbox 147 825 228 889; x_wconf 91' lang='lat' dir='ltr'>adeo</span> <span class='ocrx_word' id='word_1_27' title='bbox 261 824 378 889; x_wconf 88' lang='lat' dir='ltr'>iudicis</span> <span class='ocrx_word' id='word_1_28' title='bbox 412 828 443 889; x_wconf 91' lang='lat' dir='ltr'>et</span> <span class='ocrx_word' id='word_1_29' title='bbox 471 824 584 888; x_wconf 90' lang='lat' dir='ltr'>ultoris</span> <span class='ocrx_word' id='word_1_30' title='bbox 615 828 655 903; x_wconf 89' lang='lat' dir='ltr'>et,</span> <span class='ocrx_word' id='word_1_31' title='bbox 688 825 725 887; x_wconf 91' lang='lat' dir='ltr'>ut</span> <span class='ocrx_word' id='word_1_32' title='bbox 752 824 798 887; x_wconf 87' lang='lat' dir='ltr'>ita</span> <span class='ocrx_word' id='word_1_33' title='bbox 826 823 969 901; x_wconf 76' lang='lat' dir='ltr'>dixerim,</span> <span class='ocrx_word' id='word_1_34' title='bbox 1003 823 1093 888; x_wconf 91' lang='lat' dir='ltr'>saeui</span> <span class='ocrx_word' id='word_1_35' title='bbox 1122 823 1172 887; x_wconf 93' lang='lat' dir='ltr'>dei</span> <span class='ocrx_word' id='word_1_36' title='bbox 1199 823 1302 889; x_wconf 89' lang='lat' dir='ltr'>filium</span> 
     </span>
     <span class='ocr_line' id='line_1_5' title="bbox 147 931 1303 1016; baseline 0 -21"><span class='ocrx_word' id='word_1_37' title='bbox 147 935 326 1016; x_wconf 87' lang='lat' dir='ltr'>agnouerat</span> <span class='ocrx_word' id='word_1_38' title='bbox 343 933 461 1009; x_wconf 88' lang='lat' dir='ltr'>Iesum,</span> <span class='ocrx_word' id='word_1_39' title='bbox 486 952 547 996; x_wconf 92' lang='lat' dir='ltr'>non</span> <span class='ocrx_word' id='word_1_40' title='bbox 568 932 680 1015; x_wconf 90' lang='lat' dir='ltr'>optimi</span> <span class='ocrx_word' id='word_1_41' title='bbox 700 932 798 1012; x_wconf 90' lang='lat' dir='ltr'>iNius,</span> <span class='ocrx_word' id='word_1_42' title='bbox 822 933 855 995; x_wconf 88' lang='lat' dir='ltr'>at</span> <span class='ocrx_word' id='word_1_43' title='bbox 873 931 1003 1013; x_wconf 87' lang='lat' dir='ltr'>perdere</span> <span class='ocrx_word' id='word_1_44' title='bbox 1023 936 1055 995; x_wconf 90' lang='lat' dir='ltr'>et</span> <span class='ocrx_word' id='word_1_45' title='bbox 1073 933 1183 1015; x_wconf 92' lang='lat' dir='ltr'>punire</span> <span class='ocrx_word' id='word_1_46' title='bbox 1202 932 1303 997; x_wconf 89' lang='lat' dir='ltr'>nesci·</span> 
     </span>
     <span class='ocr_line' id='line_1_6' title="bbox 110 1038 1303 1122; baseline -0.001 -19"><span class='ocrx_word' id='word_1_47' title='bbox 110 1040 242 1103; x_wconf 81' lang='lat' dir='ltr'>sentis.</span> <span class='ocrx_word' id='word_1_48' title='bbox 268 1058 419 1122; x_wconf 90' lang='lat' dir='ltr'>quorsum</span> <span class='ocrx_word' id='word_1_49' title='bbox 444 1038 527 1103; x_wconf 94' lang='lat' dir='ltr'>hunc</span> <span class='ocrx_word' id='word_1_50' title='bbox 550 1039 656 1103; x_wconf 92' lang='lat' dir='ltr'>locum</span> <span class='ocrx_word' id='word_1_51' title='bbox 679 1038 928 1120; x_wconf 77' lang='lat' dir='ltr'>praemisimus?</span> <span class='ocrx_word' id='word_1_52' title='bbox 951 1041 988 1102; x_wconf 93' lang='lat' dir='ltr'>ut</span> <span class='ocrx_word' id='word_1_53' title='bbox 1011 1040 1118 1103; x_wconf 89' lang='lat' dir='ltr'>lesum</span> <span class='ocrx_word' id='word_1_54' title='bbox 1143 1042 1176 1101; x_wconf 95' lang='lat' dir='ltr'>et</span> <span class='ocrx_word' id='word_1_55' title='bbox 1194 1058 1213 1103; x_wconf 92' lang='lat' dir='ltr'>a</span> <span class='ocrx_word' id='word_1_56' title='bbox 1231 1038 1303 1102; x_wconf 91' lang='lat' dir='ltr'>dae·</span> 
     </span>
     <span class='ocr_line' id='line_1_7' title="bbox 146 1144 1300 1228; baseline -0.003 -18"><span class='ocrx_word' id='word_1_57' title='bbox 146 1165 243 1210; x_wconf 90' lang='lat' dir='ltr'>mone</span> <span class='ocrx_word' id='word_1_58' title='bbox 267 1166 328 1210; x_wconf 91' lang='lat' dir='ltr'>non</span> <span class='ocrx_word' id='word_1_59' title='bbox 354 1146 452 1209; x_wconf 89' lang='lat' dir='ltr'>alium</span> <span class='ocrx_word' id='word_1_60' title='bbox 477 1145 646 1209; x_wconf 83' lang='lat' dir='ltr'>doceamus</span> <span class='ocrx_word' id='word_1_61' title='bbox 671 1144 817 1228; x_wconf 85' lang='lat' dir='ltr'>agnitum</span> <span class='ocrx_word' id='word_1_62' title='bbox 841 1144 1102 1227; x_wconf 90' lang='lat' dir='ltr'>etasemetipso</span> <span class='ocrx_word' id='word_1_63' title='bbox 1122 1144 1300 1209; x_wconf 88' lang='lat' dir='ltr'>uenalium</span> 
     </span>
     <span class='ocr_line' id='line_1_8' title="bbox 147 1251 1303 1334; baseline -0.001 -18"><span class='ocrx_word' id='word_1_64' title='bbox 147 1252 371 1317; x_wconf 87' lang='lat' dir='ltr'>confirmatum</span> <span class='ocrx_word' id='word_1_65' title='bbox 400 1272 494 1333; x_wconf 89' lang='lat' dir='ltr'>quam</span> <span class='ocrx_word' id='word_1_66' title='bbox 523 1253 684 1316; x_wconf 77' lang='lat' dir='ltr'>ereptoris.</span> <span class='ocrx_word' id='word_1_67' title='bbox 709 1252 850 1334; x_wconf 86' lang='lat' dir='ltr'>‘atquin’,</span> <span class='ocrx_word' id='word_1_68' title='bbox 874 1252 991 1334; x_wconf 90' lang='lat' dir='ltr'>inquis,</span> <span class='ocrx_word' id='word_1_69' title='bbox 1014 1251 1182 1334; x_wconf 82' lang='lat' dir='ltr'>‘increpuit</span> <span class='ocrx_word' id='word_1_70' title='bbox 1209 1252 1303 1317; x_wconf 91' lang='lat' dir='ltr'>illum</span> 
     </span>
     <span class='ocr_line' id='line_1_9' title="bbox 145 1357 1301 1442; baseline -0.002 -19"><span class='ocrx_word' id='word_1_71' title='bbox 145 1361 262 1425; x_wconf 88' lang='lat' dir='ltr'>Iesus’.</span> <span class='ocrx_word' id='word_1_72' title='bbox 286 1360 388 1442; x_wconf 90' lang='lat' dir='ltr'>plane,</span> <span class='ocrx_word' id='word_1_73' title='bbox 407 1360 444 1423; x_wconf 91' lang='lat' dir='ltr'>ut</span> <span class='ocrx_word' id='word_1_74' title='bbox 461 1357 658 1424; x_wconf 90' lang='lat' dir='ltr'>inuidiosum</span> <span class='ocrx_word' id='word_1_75' title='bbox 683 1360 715 1422; x_wconf 89' lang='lat' dir='ltr'>et</span> <span class='ocrx_word' id='word_1_76' title='bbox 733 1358 764 1421; x_wconf 92' lang='lat' dir='ltr'>iu</span> <span class='ocrx_word' id='word_1_77' title='bbox 784 1358 856 1441; x_wconf 88' lang='lat' dir='ltr'>ipsa</span> <span class='ocrx_word' id='word_1_78' title='bbox 873 1358 1073 1423; x_wconf 86' lang='lat' dir='ltr'>consessione</span> <span class='ocrx_word' id='word_1_79' title='bbox 1091 1358 1301 1441; x_wconf 78' lang='lat' dir='ltr'>petulantem,</span> 
     </span>
     <span class='ocr_line' id='line_1_10' title="bbox 146 1464 1301 1547; baseline -0.003 -18"><span class='ocrx_word' id='word_1_80' title='bbox 146 1469 186 1529; x_wconf 94' lang='lat' dir='ltr'>ut</span> <span class='ocrx_word' id='word_1_81' title='bbox 208 1466 292 1529; x_wconf 89' lang='lat' dir='ltr'>male</span> <span class='ocrx_word' id='word_1_82' title='bbox 317 1466 510 1543; x_wconf 84' lang='lat' dir='ltr'>adulantem,</span> <span class='ocrx_word' id='word_1_83' title='bbox 534 1465 625 1547; x_wconf 89' lang='lat' dir='ltr'>quasi</span> <span class='ocrx_word' id='word_1_84' title='bbox 650 1464 726 1528; x_wconf 90' lang='lat' dir='ltr'>bueo</span> <span class='ocrx_word' id='word_1_85' title='bbox 746 1468 834 1529; x_wconf 90' lang='lat' dir='ltr'>esset</span> <span class='ocrx_word' id='word_1_86' title='bbox 852 1484 979 1528; x_wconf 90' lang='lat' dir='ltr'>summa</span> <span class='ocrx_word' id='word_1_87' title='bbox 997 1464 1099 1547; x_wconf 87' lang='lat' dir='ltr'>gloria</span> <span class='ocrx_word' id='word_1_88' title='bbox 1120 1464 1249 1539; x_wconf 78' lang='lat' dir='ltr'>Christi,</span> <span class='ocrx_word' id='word_1_89' title='bbox 1274 1464 1301 1529; x_wconf 91' lang='lat' dir='ltr'>si</span> 
     </span>
     <span class='ocr_line' id='line_1_11' title="bbox 97 1570 1303 1655; baseline -0.001 -21"><span class='ocrx_word' id='word_1_90' title='bbox 97 1598 126 1637; x_wconf 78' lang='lat' dir='ltr'>ro</span> <span class='ocrx_word' id='word_1_91' title='bbox 146 1572 189 1636; x_wconf 94' lang='lat' dir='ltr'>ad</span> <span class='ocrx_word' id='word_1_92' title='bbox 212 1572 422 1655; x_wconf 85' lang='lat' dir='ltr'>perditionem</span> <span class='ocrx_word' id='word_1_93' title='bbox 447 1571 635 1636; x_wconf 89' lang='lat' dir='ltr'>daemonum</span> <span class='ocrx_word' id='word_1_94' title='bbox 655 1571 800 1636; x_wconf 91' lang='lat' dir='ltr'>uenisset</span> <span class='ocrx_word' id='word_1_95' title='bbox 820 1575 853 1636; x_wconf 91' lang='lat' dir='ltr'>et</span> <span class='ocrx_word' id='word_1_96' title='bbox 870 1591 930 1636; x_wconf 92' lang='lat' dir='ltr'>non</span> <span class='ocrx_word' id='word_1_97' title='bbox 950 1572 1058 1655; x_wconf 91' lang='lat' dir='ltr'>potius</span> <span class='ocrx_word' id='word_1_98' title='bbox 1079 1571 1118 1635; x_wconf 90' lang='lat' dir='ltr'>ad</span> <span class='ocrx_word' id='word_1_99' title='bbox 1136 1570 1303 1635; x_wconf 90' lang='lat' dir='ltr'>hominum</span> 
     </span>
     <span class='ocr_line' id='line_1_12' title="bbox 146 1675 1301 1761; baseline -0.003 -18"><span class='ocrx_word' id='word_1_100' title='bbox 146 1680 298 1755; x_wconf 90' lang='lat' dir='ltr'>salutem,</span> <span class='ocrx_word' id='word_1_101' title='bbox 326 1679 381 1761; x_wconf 89' lang='lat' dir='ltr'>qui</span> <span class='ocrx_word' id='word_1_102' title='bbox 405 1697 462 1742; x_wconf 92' lang='lat' dir='ltr'>nec</span> <span class='ocrx_word' id='word_1_103' title='bbox 486 1677 663 1761; x_wconf 88' lang='lat' dir='ltr'>discipulos</span> <span class='ocrx_word' id='word_1_104' title='bbox 688 1678 726 1743; x_wconf 91' lang='lat' dir='ltr'>de</span> <span class='ocrx_word' id='word_1_105' title='bbox 751 1679 938 1743; x_wconf 78' lang='lat' dir='ltr'>subactione</span> <span class='ocrx_word' id='word_1_106' title='bbox 966 1678 1149 1761; x_wconf 82' lang='lat' dir='ltr'>spirituum,</span> <span class='ocrx_word' id='word_1_107' title='bbox 1178 1675 1234 1741; x_wconf 91' lang='lat' dir='ltr'>sed</span> <span class='ocrx_word' id='word_1_108' title='bbox 1263 1677 1301 1740; x_wconf 91' lang='lat' dir='ltr'>de</span> 
     </span>
     <span class='ocr_line' id='line_1_13' title="bbox 146 1784 1302 1869; baseline -0.003 -19"><span class='ocrx_word' id='word_1_109' title='bbox 146 1785 283 1850; x_wconf 92' lang='lat' dir='ltr'>candida</span> <span class='ocrx_word' id='word_1_110' title='bbox 311 1786 426 1851; x_wconf 91' lang='lat' dir='ltr'>salutis</span> <span class='ocrx_word' id='word_1_111' title='bbox 456 1786 584 1869; x_wconf 87' lang='lat' dir='ltr'>gloriari</span> <span class='ocrx_word' id='word_1_112' title='bbox 613 1786 750 1851; x_wconf 90' lang='lat' dir='ltr'>uolebat.</span> <span class='ocrx_word' id='word_1_113' title='bbox 784 1789 841 1849; x_wconf 94' lang='lat' dir='ltr'>aut</span> <span class='ocrx_word' id='word_1_114' title='bbox 869 1804 925 1849; x_wconf 88' lang='lat' dir='ltr'>cur</span> <span class='ocrx_word' id='word_1_115' title='bbox 957 1804 1029 1849; x_wconf 92' lang='lat' dir='ltr'>eum</span> <span class='ocrx_word' id='word_1_116' title='bbox 1061 1784 1240 1866; x_wconf 85' lang='lat' dir='ltr'>increpuit?</span> <span class='ocrx_word' id='word_1_117' title='bbox 1274 1784 1302 1846; x_wconf 91' lang='lat' dir='ltr'>si</span> 
     </span>
     <span class='ocr_line' id='line_1_14' title="bbox 146 1890 1301 1977; baseline -0.003 -20"><span class='ocrx_word' id='word_1_118' title='bbox 146 1894 241 1975; x_wconf 88' lang='lat' dir='ltr'>quasi</span> <span class='ocrx_word' id='word_1_119' title='bbox 265 1892 433 1958; x_wconf 90' lang='lat' dir='ltr'>mentitum</span> <span class='ocrx_word' id='word_1_120' title='bbox 454 1894 619 1969; x_wconf 86' lang='lat' dir='ltr'>intutum,</span> <span class='ocrx_word' id='word_1_121' title='bbox 645 1912 719 1977; x_wconf 86' lang='lat' dir='ltr'>ergo</span> <span class='ocrx_word' id='word_1_122' title='bbox 739 1912 800 1956; x_wconf 93' lang='lat' dir='ltr'>non</span> <span class='ocrx_word' id='word_1_123' title='bbox 819 1892 883 1956; x_wconf 87' lang='lat' dir='ltr'>fuit</span> <span class='ocrx_word' id='word_1_124' title='bbox 900 1891 992 1955; x_wconf 90' lang='lat' dir='ltr'>Iesus</span> <span class='ocrx_word' id='word_1_125' title='bbox 1016 1911 1074 1956; x_wconf 90' lang='lat' dir='ltr'>neo</span> <span class='ocrx_word' id='word_1_126' title='bbox 1098 1890 1149 1955; x_wconf 94' lang='lat' dir='ltr'>dei</span> <span class='ocrx_word' id='word_1_127' title='bbox 1172 1895 1301 1955; x_wconf 86' lang='lat' dir='ltr'>sanctus</span> 
     </span>
     <span class='ocr_line' id='line_1_15' title="bbox 146 1995 1301 2084; baseline -0.003 -21"><span class='ocrx_word' id='word_1_128' title='bbox 146 2000 290 2076; x_wconf 72' lang='lat' dir='ltr'>omniuo,</span> <span class='ocrx_word' id='word_1_129' title='bbox 316 2000 341 2065; x_wconf 89' lang='lat' dir='ltr'>si</span> <span class='ocrx_word' id='word_1_130' title='bbox 368 2000 459 2084; x_wconf 87' lang='lat' dir='ltr'>quasi</span> <span class='ocrx_word' id='word_1_131' title='bbox 483 2020 518 2063; x_wconf 90' lang='lat' dir='ltr'>ex</span> <span class='ocrx_word' id='word_1_132' title='bbox 538 2002 625 2083; x_wconf 90' lang='lat' dir='ltr'>parte</span> <span class='ocrx_word' id='word_1_133' title='bbox 644 2000 826 2075; x_wconf 91' lang='lat' dir='ltr'>mentitum,</span> <span class='ocrx_word' id='word_1_134' title='bbox 851 1999 935 2081; x_wconf 91' lang='lat' dir='ltr'>quod</span> <span class='ocrx_word' id='word_1_135' title='bbox 954 2018 1027 2062; x_wconf 90' lang='lat' dir='ltr'>eum</span> <span class='ocrx_word' id='word_1_136' title='bbox 1044 2000 1154 2063; x_wconf 90' lang='lat' dir='ltr'>Iesum</span> <span class='ocrx_word' id='word_1_137' title='bbox 1173 1995 1301 2079; x_wconf 92' lang='lat' dir='ltr'>quidem</span> 
     </span>
     <span class='ocr_line' id='line_1_16' title="bbox 99 2103 1302 2187; baseline -0.003 -16"><span class='ocrx_word' id='word_1_138' title='bbox 99 2132 125 2171; x_wconf 81' lang='lat' dir='ltr'>rs</span> <span class='ocrx_word' id='word_1_139' title='bbox 146 2111 181 2170; x_wconf 88' lang='lat' dir='ltr'>et</span> <span class='ocrx_word' id='word_1_140' title='bbox 204 2110 350 2171; x_wconf 89' lang='lat' dir='ltr'>sanctum</span> <span class='ocrx_word' id='word_1_141' title='bbox 375 2106 434 2187; x_wconf 88' lang='lat' dir='ltr'>dei,</span> <span class='ocrx_word' id='word_1_142' title='bbox 458 2106 515 2171; x_wconf 91' lang='lat' dir='ltr'>sed</span> <span class='ocrx_word' id='word_1_143' title='bbox 539 2107 700 2183; x_wconf 85' lang='lat' dir='ltr'>creatoris,</span> <span class='ocrx_word' id='word_1_144' title='bbox 725 2106 951 2181; x_wconf 82' lang='lat' dir='ltr'>existimasset,</span> <span class='ocrx_word' id='word_1_145' title='bbox 973 2105 1185 2169; x_wconf 89' lang='lat' dir='ltr'>iniustissime</span> <span class='ocrx_word' id='word_1_146' title='bbox 1203 2103 1302 2168; x_wconf 87' lang='lat' dir='ltr'>inore·</span> 
     </span>
     <span class='ocr_line' id='line_1_17' title="bbox 144 2210 1301 2295; baseline -0.001 -20"><span class='ocrx_word' id='word_1_147' title='bbox 144 2212 220 2294; x_wconf 92' lang='lat' dir='ltr'>puit</span> <span class='ocrx_word' id='word_1_148' title='bbox 237 2212 298 2277; x_wconf 89' lang='lat' dir='ltr'>boo</span> <span class='ocrx_word' id='word_1_149' title='bbox 319 2213 518 2291; x_wconf 88' lang='lat' dir='ltr'>sentientem,</span> <span class='ocrx_word' id='word_1_150' title='bbox 539 2212 624 2295; x_wconf 90' lang='lat' dir='ltr'>quod</span> <span class='ocrx_word' id='word_1_151' title='bbox 641 2211 762 2276; x_wconf 89' lang='lat' dir='ltr'>sciebat</span> <span class='ocrx_word' id='word_1_152' title='bbox 776 2211 989 2289; x_wconf 90' lang='lat' dir='ltr'>sentiendum,</span> <span class='ocrx_word' id='word_1_153' title='bbox 1009 2214 1042 2275; x_wconf 94' lang='lat' dir='ltr'>et</span> <span class='ocrx_word' id='word_1_154' title='bbox 1055 2211 1116 2275; x_wconf 90' lang='lat' dir='ltr'>hoo</span> <span class='ocrx_word' id='word_1_155' title='bbox 1130 2230 1190 2275; x_wconf 93' lang='lat' dir='ltr'>non</span> <span class='ocrx_word' id='word_1_156' title='bbox 1207 2210 1301 2275; x_wconf 92' lang='lat' dir='ltr'>aesti-</span> 
     </span>
     <span class='ocr_line' id='line_1_18' title="bbox 144 2316 1301 2401; baseline -0.002 -19"><span class='ocrx_word' id='word_1_157' title='bbox 144 2322 298 2397; x_wconf 85' lang='lat' dir='ltr'>mantem,</span> <span class='ocrx_word' id='word_1_158' title='bbox 319 2318 403 2401; x_wconf 88' lang='lat' dir='ltr'>quod</span> <span class='ocrx_word' id='word_1_159' title='bbox 422 2319 587 2401; x_wconf 86' lang='lat' dir='ltr'>ignorabat</span> <span class='ocrx_word' id='word_1_160' title='bbox 606 2318 854 2382; x_wconf 87' lang='lat' dir='ltr'>aestimandum:</span> <span class='ocrx_word' id='word_1_161' title='bbox 874 2318 973 2381; x_wconf 90' lang='lat' dir='ltr'>alium</span> <span class='ocrx_word' id='word_1_162' title='bbox 992 2317 1100 2382; x_wconf 91' lang='lat' dir='ltr'>Iesum</span> <span class='ocrx_word' id='word_1_163' title='bbox 1119 2321 1151 2383; x_wconf 91' lang='lat' dir='ltr'>et</span> <span class='ocrx_word' id='word_1_164' title='bbox 1170 2316 1301 2380; x_wconf 90' lang='lat' dir='ltr'>alterius</span> 
     </span>
     <span class='ocr_line' id='line_1_19' title="bbox 147 2423 1299 2506; baseline -0.003 -16"><span class='ocrx_word' id='word_1_165' title='bbox 147 2426 199 2490; x_wconf 89' lang='lat' dir='ltr'>dei</span> <span class='ocrx_word' id='word_1_166' title='bbox 220 2430 376 2490; x_wconf 90' lang='lat' dir='ltr'>sanctum.</span> <span class='ocrx_word' id='word_1_167' title='bbox 401 2425 514 2506; x_wconf 88' lang='lat' dir='ltr'>quodsi</span> <span class='ocrx_word' id='word_1_168' title='bbox 533 2426 789 2491; x_wconf 86' lang='lat' dir='ltr'>uerisimiliorem</span> <span class='ocrx_word' id='word_1_169' title='bbox 807 2429 927 2489; x_wconf 89' lang='lat' dir='ltr'>statum</span> <span class='ocrx_word' id='word_1_170' title='bbox 942 2444 1003 2489; x_wconf 89' lang='lat' dir='ltr'>non</span> <span class='ocrx_word' id='word_1_171' title='bbox 1018 2424 1114 2488; x_wconf 90' lang='lat' dir='ltr'>babet</span> <span class='ocrx_word' id='word_1_172' title='bbox 1127 2423 1299 2505; x_wconf 87' lang='lat' dir='ltr'>increpatio</span> 
     </span>
     <span class='ocr_line' id='line_1_20' title="bbox 145 2529 1300 2616; baseline -0.003 -19"><span class='ocrx_word' id='word_1_173' title='bbox 145 2533 209 2597; x_wconf 91' lang='lat' dir='ltr'>nisi</span> <span class='ocrx_word' id='word_1_174' title='bbox 226 2550 320 2614; x_wconf 91' lang='lat' dir='ltr'>quem</span> <span class='ocrx_word' id='word_1_175' title='bbox 334 2550 391 2596; x_wconf 90' lang='lat' dir='ltr'>nos</span> <span class='ocrx_word' id='word_1_176' title='bbox 405 2532 658 2616; x_wconf 84' lang='lat' dir='ltr'>interpretamur,</span> <span class='ocrx_word' id='word_1_177' title='bbox 673 2533 736 2596; x_wconf 89' lang='lat' dir='ltr'>iam</span> <span class='ocrx_word' id='word_1_178' title='bbox 752 2551 827 2614; x_wconf 86' lang='lat' dir='ltr'>ergo</span> <span class='ocrx_word' id='word_1_179' title='bbox 844 2535 876 2595; x_wconf 89' lang='lat' dir='ltr'>et</span> <span class='ocrx_word' id='word_1_180' title='bbox 895 2531 1027 2595; x_wconf 89' lang='lat' dir='ltr'>daemon</span> <span class='ocrx_word' id='word_1_181' title='bbox 1047 2529 1126 2595; x_wconf 91' lang='lat' dir='ltr'>nibil</span> <span class='ocrx_word' id='word_1_182' title='bbox 1145 2530 1300 2594; x_wconf 88' lang='lat' dir='ltr'>mentitus</span> 
     </span>
     <span class='ocr_line' id='line_1_21' title="bbox 98 2637 1301 2720; baseline -0.009 -13"><span class='ocrx_word' id='word_1_183' title='bbox 98 2668 127 2707; x_wconf 79' lang='lat' dir='ltr'>ao</span> <span class='ocrx_word' id='word_1_184' title='bbox 146 2640 209 2714; x_wconf 91' lang='lat' dir='ltr'>est,</span> <span class='ocrx_word' id='word_1_185' title='bbox 229 2656 289 2701; x_wconf 93' lang='lat' dir='ltr'>uon</span> <span class='ocrx_word' id='word_1_186' title='bbox 306 2637 345 2701; x_wconf 93' lang='lat' dir='ltr'>ob</span> <span class='ocrx_word' id='word_1_187' title='bbox 361 2637 559 2703; x_wconf 87' lang='lat' dir='ltr'>mendacium</span> <span class='ocrx_word' id='word_1_188' title='bbox 573 2638 765 2719; x_wconf 87' lang='lat' dir='ltr'>increpitue;</span> <span class='ocrx_word' id='word_1_189' title='bbox 785 2638 854 2720; x_wconf 90' lang='lat' dir='ltr'>ipse</span> <span class='ocrx_word' id='word_1_190' title='bbox 870 2638 953 2701; x_wconf 91' lang='lat' dir='ltr'>enim</span> <span class='ocrx_word' id='word_1_191' title='bbox 969 2641 1037 2701; x_wconf 91' lang='lat' dir='ltr'>erat</span> <span class='ocrx_word' id='word_1_192' title='bbox 1054 2637 1157 2713; x_wconf 88' lang='lat' dir='ltr'>lesus,</span> <span class='ocrx_word' id='word_1_193' title='bbox 1176 2638 1301 2716; x_wconf 90' lang='lat' dir='ltr'>praeter</span> 
     </span>
     <span class='ocr_line' id='line_1_22' title="bbox 146 2742 1300 2828; baseline -0.004 -20"><span class='ocrx_word' id='word_1_194' title='bbox 146 2763 243 2826; x_wconf 81' lang='lat' dir='ltr'>quem</span> <span class='ocrx_word' id='word_1_195' title='bbox 267 2744 365 2807; x_wconf 88' lang='lat' dir='ltr'>aliurn</span> <span class='ocrx_word' id='word_1_196' title='bbox 391 2742 522 2809; x_wconf 89' lang='lat' dir='ltr'>daemon</span> <span class='ocrx_word' id='word_1_197' title='bbox 542 2745 714 2828; x_wconf 87' lang='lat' dir='ltr'>agnouisse</span> <span class='ocrx_word' id='word_1_198' title='bbox 734 2763 794 2808; x_wconf 93' lang='lat' dir='ltr'>non</span> <span class='ocrx_word' id='word_1_199' title='bbox 814 2747 949 2828; x_wconf 89' lang='lat' dir='ltr'>poterat,</span> <span class='ocrx_word' id='word_1_200' title='bbox 974 2746 1007 2807; x_wconf 90' lang='lat' dir='ltr'>ct</span> <span class='ocrx_word' id='word_1_201' title='bbox 1023 2744 1115 2807; x_wconf 91' lang='lat' dir='ltr'>Iesus</span> <span class='ocrx_word' id='word_1_202' title='bbox 1135 2760 1208 2805; x_wconf 92' lang='lat' dir='ltr'>eum</span> <span class='ocrx_word' id='word_1_203' title='bbox 1228 2759 1300 2805; x_wconf 88' lang='lat' dir='ltr'>eon·</span> 
     </span>
     <span class='ocr_line' id='line_1_23' title="bbox 146 2847 1298 2936; baseline -0.003 -23"><span class='ocrx_word' id='word_1_204' title='bbox 146 2852 299 2927; x_wconf 86' lang='lat' dir='ltr'>firmauit,</span> <span class='ocrx_word' id='word_1_205' title='bbox 333 2872 428 2934; x_wconf 91' lang='lat' dir='ltr'>quem</span> <span class='ocrx_word' id='word_1_206' title='bbox 456 2854 630 2936; x_wconf 87' lang='lat' dir='ltr'>agnouerat</span> <span class='ocrx_word' id='word_1_207' title='bbox 658 2852 800 2927; x_wconf 90' lang='lat' dir='ltr'>daemon,</span> <span class='ocrx_word' id='word_1_208' title='bbox 835 2852 912 2915; x_wconf 93' lang='lat' dir='ltr'>dum</span> <span class='ocrx_word' id='word_1_209' title='bbox 940 2870 1000 2914; x_wconf 94' lang='lat' dir='ltr'>non</span> <span class='ocrx_word' id='word_1_210' title='bbox 1030 2850 1069 2915; x_wconf 95' lang='lat' dir='ltr'>ob</span> <span class='ocrx_word' id='word_1_211' title='bbox 1098 2847 1298 2913; x_wconf 88' lang='lat' dir='ltr'>mendacium</span> 
     </span>
     <span class='ocr_line' id='line_1_24' title="bbox 145 2958 508 3040; baseline -0.003 -18"><span class='ocrx_word' id='word_1_212' title='bbox 145 2960 292 3040; x_wconf 87' lang='lat' dir='ltr'>increpat</span> <span class='ocrx_word' id='word_1_213' title='bbox 314 2958 508 3023; x_wconf 88' lang='lat' dir='ltr'>daemonem.</span> 
     </span>
     <span class='ocr_line' id='line_1_25' title="bbox 195 3061 1299 3147; baseline -0.004 -18"><span class='ocrx_word' id='word_1_214' title='bbox 195 3066 223 3129; x_wconf 90' lang='lat'>8.</span> <span class='ocrx_word' id='word_1_215' title='bbox 246 3065 425 3130; x_wconf 87' lang='lat' dir='ltr'>Nazaraeus</span> <span class='ocrx_word' id='word_1_216' title='bbox 449 3064 556 3130; x_wconf 88' lang='lat' dir='ltr'>uocari</span> <span class='ocrx_word' id='word_1_217' title='bbox 579 3064 718 3129; x_wconf 88' lang='lat' dir='ltr'>babebat</span> <span class='ocrx_word' id='word_1_218' title='bbox 737 3063 912 3128; x_wconf 90' lang='lat' dir='ltr'>secundum</span> <span class='ocrx_word' id='word_1_219' title='bbox 931 3063 1132 3147; x_wconf 88' lang='lat' dir='ltr'>prophetiam</span> <span class='ocrx_word' id='word_1_220' title='bbox 1152 3061 1299 3127; x_wconf 83' lang='lat' dir='ltr'>Christus</span> 
     </span>
     <span class='ocr_line' id='line_1_26' title="bbox 101 3166 1300 3254; baseline -0.009 -14"><span class='ocrx_word' id='word_1_221' title='bbox 101 3199 128 3240; x_wconf 80' lang='lat' dir='ltr'>ss</span> <span class='ocrx_word' id='word_1_222' title='bbox 148 3173 310 3239; x_wconf 89' lang='lat' dir='ltr'>creatoris.</span> <span class='ocrx_word' id='word_1_223' title='bbox 333 3172 416 3236; x_wconf 90' lang='lat' dir='ltr'>unde</span> <span class='ocrx_word' id='word_1_224' title='bbox 441 3176 472 3235; x_wconf 91' lang='lat' dir='ltr'>et</span> <span class='ocrx_word' id='word_1_225' title='bbox 494 3172 564 3254; x_wconf 93' lang='lat' dir='ltr'>ipso</span> <span class='ocrx_word' id='word_1_226' title='bbox 588 3172 716 3236; x_wconf 90' lang='lat' dir='ltr'>nomine</span> <span class='ocrx_word' id='word_1_227' title='bbox 735 3191 792 3235; x_wconf 93' lang='lat' dir='ltr'>uos</span> <span class='ocrx_word' id='word_1_228' title='bbox 812 3170 922 3234; x_wconf 90' lang='lat' dir='ltr'>Iudaei</span> <span class='ocrx_word' id='word_1_229' title='bbox 940 3169 1120 3234; x_wconf 88' lang='lat' dir='ltr'>Nazarenos</span> <span class='ocrx_word' id='word_1_230' title='bbox 1139 3166 1300 3251; x_wconf 90' lang='lat' dir='ltr'>appellant</span> 
     </span>
     <span class='ocr_line' id='line_1_27' title="bbox 147 3273 1300 3363; baseline -0.007 -20"><span class='ocrx_word' id='word_1_231' title='bbox 147 3298 206 3363; x_wconf 88' lang='lat' dir='ltr'>per</span> <span class='ocrx_word' id='word_1_232' title='bbox 229 3298 312 3343; x_wconf 90' lang='lat' dir='ltr'>eum.</span> <span class='ocrx_word' id='word_1_233' title='bbox 336 3299 408 3342; x_wconf 90' lang='lat' dir='ltr'>nam</span> <span class='ocrx_word' id='word_1_234' title='bbox 433 3282 466 3342; x_wconf 92' lang='lat' dir='ltr'>et</span> <span class='ocrx_word' id='word_1_235' title='bbox 489 3298 601 3343; x_wconf 89' lang='lat' dir='ltr'>sumus</span> <span class='ocrx_word' id='word_1_236' title='bbox 626 3278 664 3341; x_wconf 90' lang='lat' dir='ltr'>de</span> <span class='ocrx_word' id='word_1_237' title='bbox 694 3278 810 3359; x_wconf 88' lang='lat' dir='ltr'>quibus</span> <span class='ocrx_word' id='word_1_238' title='bbox 841 3278 997 3358; x_wconf 87' lang='lat' dir='ltr'>scriptum</span> <span class='ocrx_word' id='word_1_239' title='bbox 1026 3281 1087 3340; x_wconf 90' lang='lat' dir='ltr'>est:</span> <span class='ocrx_word' id='word_1_240' title='bbox 1119 3273 1300 3339; x_wconf 82' lang='lat' dir='ltr'>Nazaraei</span> 
     </span>
     <span class='ocr_line' id='line_1_28' title="bbox 150 3378 1300 3466; baseline -0.005 -18"><span class='ocrx_word' id='word_1_241' title='bbox 150 3385 316 3448; x_wconf 88' lang='lat' dir='ltr'>exalbati</span> <span class='ocrx_word' id='word_1_242' title='bbox 355 3387 444 3450; x_wconf 90' lang='lat' dir='ltr'>sunt</span> <span class='ocrx_word' id='word_1_243' title='bbox 483 3404 594 3466; x_wconf 91' lang='lat' dir='ltr'>super</span> <span class='ocrx_word' id='word_1_244' title='bbox 631 3386 766 3462; x_wconf 91' lang='lat' dir='ltr'>niuem,</span> <span class='ocrx_word' id='word_1_245' title='bbox 805 3384 859 3466; x_wconf 89' lang='lat' dir='ltr'>qui</span> <span class='ocrx_word' id='word_1_246' title='bbox 897 3384 1022 3449; x_wconf 90' lang='lat' dir='ltr'>seilicet</span> <span class='ocrx_word' id='word_1_247' title='bbox 1054 3387 1136 3446; x_wconf 92' lang='lat' dir='ltr'>retro</span> <span class='ocrx_word' id='word_1_248' title='bbox 1169 3378 1300 3444; x_wconf 90' lang='lat' dir='ltr'>luridati</span> 
     </span>
     <span class='ocr_line' id='line_1_29' title="bbox 150 3486 1298 3574; baseline -0.004 -21"><span class='ocrx_word' id='word_1_249' title='bbox 150 3490 384 3572; x_wconf 87' lang='lat' dir='ltr'>delinquentiae</span> <span class='ocrx_word' id='word_1_250' title='bbox 411 3492 546 3555; x_wconf 88' lang='lat' dir='ltr'>maculis</span> <span class='ocrx_word' id='word_1_251' title='bbox 577 3495 609 3555; x_wconf 89' lang='lat' dir='ltr'>et</span> <span class='ocrx_word' id='word_1_252' title='bbox 637 3491 752 3574; x_wconf 88' lang='lat' dir='ltr'>nigrati</span> <span class='ocrx_word' id='word_1_253' title='bbox 776 3490 973 3574; x_wconf 85' lang='lat' dir='ltr'>ignorantiae</span> <span class='ocrx_word' id='word_1_254' title='bbox 996 3490 1145 3553; x_wconf 88' lang='lat' dir='ltr'>tenebris.</span> <span class='ocrx_word' id='word_1_255' title='bbox 1171 3486 1298 3552; x_wconf 83' lang='lat' dir='ltr'>Christo</span> 
     </span>
     <span class='ocr_line' id='line_1_30' title="bbox 149 3592 1298 3681; baseline -0.005 -20"><span class='ocrx_word' id='word_1_256' title='bbox 149 3604 256 3661; x_wconf 87' lang='lat' dir='ltr'>autern</span> <span class='ocrx_word' id='word_1_257' title='bbox 272 3598 441 3681; x_wconf 90' lang='lat' dir='ltr'>appellatio</span> <span class='ocrx_word' id='word_1_258' title='bbox 458 3596 609 3662; x_wconf 89' lang='lat' dir='ltr'>Nazaraei</span> <span class='ocrx_word' id='word_1_259' title='bbox 625 3598 837 3680; x_wconf 87' lang='lat' dir='ltr'>competitura</span> <span class='ocrx_word' id='word_1_260' title='bbox 852 3601 918 3661; x_wconf 92' lang='lat' dir='ltr'>erat</span> <span class='ocrx_word' id='word_1_261' title='bbox 934 3617 968 3660; x_wconf 90' lang='lat' dir='ltr'>ex</span> <span class='ocrx_word' id='word_1_262' title='bbox 987 3597 1137 3660; x_wconf 88' lang='lat' dir='ltr'>infantiae</span> <span class='ocrx_word' id='word_1_263' title='bbox 1157 3592 1298 3668; x_wconf 86' lang='lat' dir='ltr'>latebris,</span> 
     </span>
    </p>
   </div>
   <div class='ocr_carea' id='block_1_3' title="bbox 149 3837 1298 3997">
    <p class='ocr_par' dir='ltr' id='par_1_3' title="bbox 149 3837 1298 3997">
     <span class='ocr_line' id='line_1_31' title="bbox 241 3837 1298 3909; baseline -0.005 -16"><span class='ocrx_word' id='word_1_264' title='bbox 241 3840 268 3909; x_wconf 85' lang='lat' dir='ltr'>z]</span> <span class='ocrx_word' id='word_1_265' title='bbox 298 3841 362 3894; x_wconf 71' lang='lat' dir='ltr'>nuc.</span> <span class='ocrx_word' id='word_1_266' title='bbox 390 3842 416 3903; x_wconf 84' lang='lat' dir='ltr'>r,</span> <span class='ocrx_word' id='word_1_267' title='bbox 444 3841 486 3894; x_wconf 85' lang='lat'>34.</span> <span class='ocrx_word' id='word_1_268' title='bbox 578 3840 603 3909; x_wconf 76' lang='lat' dir='ltr'>z]</span> <span class='ocrx_word' id='word_1_269' title='bbox 634 3840 667 3893; x_wconf 74' lang='lat' dir='ltr'>ef.</span> <span class='ocrx_word' id='word_1_270' title='bbox 691 3840 755 3893; x_wconf 72' lang='lat' dir='ltr'>nus.</span> <span class='ocrx_word' id='word_1_271' title='bbox 780 3844 805 3907; x_wconf 83' lang='lat' dir='ltr'>r,</span> <span class='ocrx_word' id='word_1_272' title='bbox 830 3842 873 3894; x_wconf 75' lang='lat' dir='ltr'>ae.</span> <span class='ocrx_word' id='word_1_273' title='bbox 967 3839 1010 3907; x_wconf 84' lang='lat' dir='ltr'>rr]</span> <span class='ocrx_word' id='word_1_274' title='bbox 1036 3838 1069 3892; x_wconf 70' lang='lat' dir='ltr'>er.</span> <span class='ocrx_word' id='word_1_275' title='bbox 1094 3837 1158 3890; x_wconf 74' lang='lat' dir='ltr'>nuc.</span> <span class='ocrx_word' id='word_1_276' title='bbox 1184 3837 1226 3902; x_wconf 90' lang='lat' dir='ltr'>ro,</span> <span class='ocrx_word' id='word_1_277' title='bbox 1255 3837 1298 3888; x_wconf 85' lang='lat' dir='ltr'>ao.</span> 
     </span>
     <span class='ocr_line' id='line_1_32' title="bbox 149 3926 402 3997; baseline -0.004 -15"><span class='ocrx_word' id='word_1_278' title='bbox 149 3929 197 3997; x_wconf 84' lang='lat' dir='ltr'>ae]</span> <span class='ocrx_word' id='word_1_279' title='bbox 215 3926 314 3983; x_wconf 75' lang='lat' dir='ltr'>neren.</span> <span class='ocrx_word' id='word_1_280' title='bbox 333 3930 359 3995; x_wconf 87' lang='lat'>4,</span> <span class='ocrx_word' id='word_1_281' title='bbox 378 3931 402 3982; x_wconf 83' lang='lat' dir='ltr'>r.</span> 
     </span>
    </p>
   </div>
   <div class='ocr_carea' id='block_1_4' title="bbox 149 4048 1303 4386">
    <p class='ocr_par' dir='ltr' id='par_1_4' title="bbox 149 4048 1303 4386">
     <span class='ocr_line' id='line_1_33' title="bbox 187 4048 1303 4121; baseline -0.004 -14"><span class='ocrx_word' id='word_1_282' title='bbox 187 4056 256 4108; x_wconf 87' lang='lat' dir='ltr'>lse</span> <span class='ocrx_word' id='word_1_283' title='bbox 282 4052 327 4121; x_wconf 67' lang='lat'>12³,</span> <span class='ocrx_word' id='word_1_284' title='bbox 352 4052 399 4107; x_wconf 87' lang='lat' dir='ltr'>sed</span> <span class='ocrx_word' id='word_1_285' title='bbox 422 4052 496 4108; x_wconf 69' lang='grc' dir='ltr'>ΜΒ1</span> <span class='ocrx_word' id='word_1_286' title='bbox 555 4054 626 4107; x_wconf 87' lang='lat' dir='ltr'>9ut</span> <span class='ocrx_word' id='word_1_287' title='bbox 644 4052 713 4119; x_wconf 82' lang='lat' dir='ltr'>MR,</span> <span class='ocrx_word' id='word_1_288' title='bbox 739 4056 767 4105; x_wconf 84' lang='lat' dir='ltr'>et</span> <span class='ocrx_word' id='word_1_289' title='bbox 785 4052 858 4104; x_wconf 76' lang='lat' dir='ltr'>Pom</span> <span class='ocrx_word' id='word_1_290' title='bbox 914 4052 947 4104; x_wconf 86' lang='grc'>14</span> <span class='ocrx_word' id='word_1_291' title='bbox 967 4068 1027 4104; x_wconf 89' lang='lat' dir='ltr'>euru</span> <span class='ocrx_word' id='word_1_292' title='bbox 1045 4050 1082 4117; x_wconf 85' lang='lat' dir='ltr'>R,</span> <span class='ocrx_word' id='word_1_293' title='bbox 1105 4050 1133 4103; x_wconf 91' lang='lat' dir='ltr'>in</span> <span class='ocrx_word' id='word_1_294' title='bbox 1157 4066 1218 4102; x_wconf 89' lang='lat' dir='ltr'>eum</span> <span class='ocrx_word' id='word_1_295' title='bbox 1236 4048 1303 4102; x_wconf 61' lang='lat' dir='ltr'>Mb*</span> 
     </span>
     <span class='ocr_line' id='line_1_34' title="bbox 151 4138 1299 4209; baseline -0.005 -13"><span class='ocrx_word' id='word_1_296' title='bbox 151 4144 185 4196; x_wconf 84' lang='lat'>15</span> <span class='ocrx_word' id='word_1_297' title='bbox 205 4142 356 4207; x_wconf 87' lang='lat' dir='ltr'>existimas;</span> <span class='ocrx_word' id='word_1_298' title='bbox 376 4143 423 4196; x_wconf 88' lang='lat' dir='ltr'>sed</span> <span class='ocrx_word' id='word_1_299' title='bbox 442 4141 479 4195; x_wconf 83' lang='lat' dir='ltr'><strong><em>M</em></strong></span> <span class='ocrx_word' id='word_1_300' title='bbox 532 4142 565 4195; x_wconf 88' lang='grc'>16</span> <span class='ocrx_word' id='word_1_301' title='bbox 584 4142 783 4209; x_wconf 88' lang='lat' dir='ltr'>existimantem</span> <span class='ocrx_word' id='word_1_302' title='bbox 802 4141 875 4194; x_wconf 86' lang='lat' dir='ltr'>Pam</span> <span class='ocrx_word' id='word_1_303' title='bbox 948 4141 980 4193; x_wconf 80' lang='lat'>17</span> <span class='ocrx_word' id='word_1_304' title='bbox 1000 4138 1207 4192; x_wconf 87' lang='lat' dir='ltr'>existimandum</span> <span class='ocrx_word' id='word_1_305' title='bbox 1225 4138 1299 4191; x_wconf 87' lang='lat' dir='ltr'>Pam</span> 
     </span>
     <span class='ocr_line' id='line_1_35' title="bbox 150 4226 1297 4301; baseline -0.003 -16"><span class='ocrx_word' id='word_1_306' title='bbox 150 4232 185 4286; x_wconf 88' lang='lat'>18</span> <span class='ocrx_word' id='word_1_307' title='bbox 204 4232 385 4301; x_wconf 88' lang='lat' dir='ltr'>increpationi</span> <span class='ocrx_word' id='word_1_308' title='bbox 404 4232 427 4284; x_wconf 89' lang='lat' dir='ltr'>si</span> <span class='ocrx_word' id='word_1_309' title='bbox 444 4230 480 4283; x_wconf 82' lang='lat' dir='ltr'><strong><em>M</em></strong></span> <span class='ocrx_word' id='word_1_310' title='bbox 549 4232 580 4283; x_wconf 91' lang='grc'>19</span> <span class='ocrx_word' id='word_1_311' title='bbox 600 4231 731 4285; x_wconf 88' lang='lat' dir='ltr'>mentitus</span> <span class='ocrx_word' id='word_1_312' title='bbox 751 4234 788 4298; x_wconf 90' lang='lat' dir='ltr'>(m</span> <span class='ocrx_word' id='word_1_313' title='bbox 808 4230 940 4296; x_wconf 85' lang='lat' dir='ltr'>eras.)M</span> <span class='ocrx_word' id='word_1_314' title='bbox 1006 4230 1041 4281; x_wconf 75' lang='lat'>25</span> <span class='ocrx_word' id='word_1_315' title='bbox 1059 4227 1214 4283; x_wconf 86' lang='lat' dir='ltr'>Nazarenoa</span> <span class='ocrx_word' id='word_1_316' title='bbox 1228 4226 1297 4290; x_wconf 85' lang='lat' dir='ltr'>MR,</span> 
     </span>
     <span class='ocr_line' id='line_1_36' title="bbox 149 4316 1182 4386; baseline -0.004 -12"><span class='ocrx_word' id='word_1_317' title='bbox 149 4320 304 4374; x_wconf 84' lang='lat' dir='ltr'>Nazaraeos</span> <span class='ocrx_word' id='word_1_318' title='bbox 322 4320 394 4373; x_wconf 89' lang='lat' dir='ltr'>Pcm</span> <span class='ocrx_word' id='word_1_319' title='bbox 448 4321 482 4373; x_wconf 77' lang='lat'>27</span> <span class='ocrx_word' id='word_1_320' title='bbox 502 4320 620 4374; x_wconf 89' lang='lat' dir='ltr'>exalbati</span> <span class='ocrx_word' id='word_1_321' title='bbox 638 4318 686 4386; x_wconf 71' lang='lat' dir='ltr'>IN,</span> <span class='ocrx_word' id='word_1_322' title='bbox 706 4319 819 4373; x_wconf 84' lang='lat' dir='ltr'>exaltati</span> <span class='ocrx_word' id='word_1_323' title='bbox 837 4317 912 4373; x_wconf 85' lang='lat' dir='ltr'>MR¹</span> <span class='ocrx_word' id='word_1_324' title='bbox 966 4318 1000 4371; x_wconf 75' lang='lat'>29</span> <span class='ocrx_word' id='word_1_325' title='bbox 1018 4317 1127 4371; x_wconf 88' lang='lat' dir='ltr'>nazarei</span> <span class='ocrx_word' id='word_1_326' title='bbox 1143 4316 1182 4370; x_wconf 82' lang='lat' dir='ltr'><strong><em>M</em></strong></span> 
     </span>
    </p>
   </div>
   <div class='ocr_carea' id='block_1_5' title="bbox 0 0 1630 4959">
    <p class='ocr_par' dir='ltr' id='par_1_5' title="bbox 0 0 1630 4959">
     <span class='ocr_line' id='line_1_37' title="bbox 0 0 1630 4959; baseline 0 0"><span class='ocrx_word' id='word_1_327' title='bbox 0 0 1630 4959; x_wconf 95' lang='lat' dir='ltr'> </span> 
     </span>
    </p>
   </div>
  </div>
 </body>
</html>
