3250 4959
332 406 395 468 410
562 399 680 464 Quinti
700 399 840 467 Septimi
859 397 1029 451 Florentis
1048 395 1254 449 Tertulliani

331 597 456 667 sandae,
495 596 612 679 pariter
644 602 807 659 ostensum
842 596 892 656 est
923 592 1000 655 haec
1036 591 1129 654 illum
1165 587 1306 675 [propter
1342 595 1479 655 mortem

331 698 588 787 consecuturum]
616 704 690 783 post
717 706 863 776 mortem,
891 700 1001 780 ntique
1024 718 1081 781 per
1102 696 1378 771 resurrectionem,
1407 716 1479 761 cou-

330 815 525 875 secutumm.

375 919 427 982 20.
453 914 579 981 Sufficit
601 915 766 995 hucusque
791 913 829 977 de
852 914 902 976 his
925 912 1051 977 interim
1075 910 1216 975 ordinem
1240 910 1361 975 Christi
1384 910 1477 974 decu·

330 1023 476 1101 currisse,
501 1042 563 1105 quo
588 1021 662 1085 talis
686 1021 848 1103 probatus,
872 1019 1007 1101 qualiter
1030 1018 1282 1093 adnuntiabatur,
1306 1034 1370 1080 non
1394 1015 1476 1083 alins
1505 1040 1517 1078 s

328 1130 438 1193 baberi
467 1130 579 1193 debeat
607 1148 702 1209 quam
731 1128 786 1209 qui
815 1126 888 1190 talis
916 1124 1171 1202 adnuntiabatur,
1202 1128 1240 1187 ut
1266 1123 1329 1186 iam
1354 1143 1391 1187 ex
1414 1123 1475 1187 ista

331 1236 534 1300 consonantia
562 1254 667 1299 rerum
697 1234 766 1298 eius
795 1237 827 1296 et
856 1233 1082 1314 scripturamm
1110 1231 1260 1295 creatoris
1289 1230 1355 1293 illis
1380 1230 1474 1293 etiam

328 1341 526 1406 restituenda
540 1342 583 1404 sit
596 1340 674 1405 fides
690 1360 726 1404 er
740 1340 933 1421 praeiudicio
948 1339 1077 1403 maioris
1090 1336 1200 1421 partis,
1221 1355 1301 1417 quae
1316 1356 1334 1399 a
1348 1336 1473 1401 diuersa

329 1448 485 1513 sententia
499 1450 553 1511 uel
566 1446 598 1511 in
614 1446 744 1511 dubium
765 1446 965 1511 deducuntur
982 1445 1036 1509 uel
1053 1449 1215 1529 negantur.
1238 1442 1379 1526 amplius
1393 1462 1473 1507 nunc

329 1554 580 1637 superstruimus
609 1573 645 1618 ea
673 1573 797 1635 quoqne
825 1553 913 1635 paria
941 1573 976 1617 er
1004 1553 1169 1636 scripturis
1196 1550 1360 1627 creatoris,
1394 1570 1471 1630 quae
1488 1568 1511 1608 a

327 1665 401 1742 post
415 1660 577 1727 Christum
592 1662 699 1726 futura
717 1661 987 1743 praecinebantur.
1003 1679 1059 1724 nec
1077 1659 1186 1741 (haec)
1204 1659 1288 1722 enirn
1303 1656 1472 1740 dispositio

328 1772 482 1849 expuncta
502 1769 707 1846 inueniretur,
732 1768 759 1833 si
783 1787 844 1832 non
867 1766 922 1831 illc
946 1767 1097 1843 uenisset,
1121 1768 1314 1848 postquem
1337 1765 1473 1831 habebat

328 1875 464 1938 euenire.
490 1875 595 1956 aspice
619 1874 785 1937 uniuersus
809 1873 952 1937 nationes
977 1873 1015 1936 de
1037 1871 1188 1957 uoragine
1210 1870 1324 1935 enoris
1343 1871 1472 1935 humani

327 1981 436 2046 exinde
465 1985 662 2064 emergentes
692 1980 731 2043 ad
759 1979 853 2044 deum
887 1984 1070 2057 creatorem,
1102 1979 1142 2043 ad
1174 1978 1267 2043 deum
1296 1978 1471 2043 Christum.

327 2094 368 2165 et,
400 2089 428 2151 si
456 2088 564 2165 audes,
597 2107 678 2171 noga
705 2086 938 2170 prophetatum.
972 2086 1029 2151 sed
1055 2087 1164 2150 statim
1193 2086 1252 2150 tibi
1279 2087 1311 2150 in
1339 2086 1508 2169 psalmisss

327 2194 497 2274 promissio
523 2194 621 2275 patris
646 2196 804 2257 occurret:
829 2192 950 2257 silius
973 2212 1084 2256 meus
1108 2211 1148 2256 es
1172 2195 1225 2267 tu,
1255 2210 1327 2275 ego
1352 2191 1471 2257 hodie

328 2301 528 2381 generaui
560 2304 607 2364 te.
641 2300 808 2381 postula
841 2298 885 2362 de
918 2318 985 2378 me,
1018 2304 1056 2361 et
1088 2297 1187 2363 dabo
1220 2298 1297 2363 tibi
1326 2303 1470 2382 gentes

326 2405 602 2470 hereditatem
641 2410 748 2471 tuam
786 2409 825 2471 et
860 2405 1165 2489 possessionem
1197 2409 1307 2469 tuam
1340 2404 1471 2470 tarmi-

326 2532 397 2576 nos
427 2518 570 2580 terrae.
600 2533 658 2577 noo
684 2514 804 2596 poteris
833 2514 937 2596 magis
960 2512 1064 2577 Dauid
1090 2512 1193 2577 filium
1216 2513 1285 2577 eius
1308 2513 1471 2577 uindicare

326 2639 420 2701 quarn
446 2619 619 2697 Christum,
649 2625 704 2685 aut
726 2621 879 2686 terminos
902 2624 1002 2685 terrae
1026 2620 1131 2685 Dauid
1154 2620 1261 2703 potins
1284 2622 1470 2702 promissos,
1487 2629 1509 2665 ²⁰
1607 2701 1608 2718 ἒ

328 2726 382 2807 qui
410 2726 491 2790 intra
515 2730 639 2790 unicam
665 2726 854 2792 Iudaeorum
878 2730 1007 2811 gentem
1029 2727 1185 2811 regnauit,
1214 2746 1308 2808 quarn
1333 2726 1470 2793 Christo.

326 2832 380 2912 qni
413 2836 517 2896 totum
550 2833 613 2897 iam
648 2833 754 2897 orbem
787 2835 943 2917 euangelii
976 2833 1027 2898 sui
1059 2833 1119 2897 tide
1151 2833 1244 2915 oepit.
1278 2833 1325 2897 sio
1358 2837 1391 2898 et
1418 2852 1471 2915 per

327 2938 467 3002 Esaiam:
502 2958 592 3005 eoce
621 2940 713 3005 dedi
742 2945 780 3004 te
808 2941 847 3004 in
876 2941 1193 3023 dispositionem
1225 2941 1402 3024 generis,
1433 2940 1469 3003 in

325 3045 459 3108 lucem
492 3046 711 3124 nationum,
745 3048 898 3129 aperire
931 3049 1072 3113 oculos
1106 3066 1324 3125 caecorum,
1359 3048 1469 3129 utique

325 3152 507 3228 errantium,
541 3154 754 3217 exsoluere
788 3154 832 3218 de
865 3155 1048 3219 uinculis
1081 3155 1258 3227 uinctos,
1290 3153 1325 3217 id
1353 3157 1405 3218 est
1431 3152 1508 3216 deti
1607 3159 1608 3238 ἲ

324 3256 449 3321 delictis
472 3258 615 3334 liberare,
645 3264 687 3323 et
717 3260 762 3322 de
787 3259 894 3323 cella
918 3261 1107 3339 carcaria,
1134 3259 1168 3324 id
1192 3265 1242 3323 est
1264 3260 1388 3337 mortis,
1417 3278 1468 3324 se·

325 3362 466 3428 dentes
490 3366 528 3427 in
553 3366 745 3443 tenebris
774 3367 969 3449 ignorantias
993 3366 1124 3431 scilicet.
1150 3386 1229 3449 quae
1254 3366 1361 3449 siper
1384 3366 1469 3433 Chri·

413 3538 528 3604 4-411,
548 3540 575 3606 21
597 3537 630 3594 cf.
650 3538 710 3591 adu.
730 3539 844 3592 Iudaeos
864 3558 885 3594 c.
908 3542 938 3593 ll
959 3548 1024 3593 extr.
1045 3545 1073 3593 et
1091 3557 1113 3593 o.
1135 3542 1175 3593 12.
1232 3541 1275 3610 16]
1290 3542 1335 3594 Po.
1349 3542 1376 3610 2,
1391 3542 1468 3595 a-a.

323 3625 368 3693 231
390 3624 435 3681 Ee.
455 3627 499 3687 42,
521 3627 599 3679 6-7.

361 3750 372 3801 1
395 3755 506 3818 propter
524 3756 638 3805 mortem
658 3757 863 3806 consecuturum
880 3754 990 3807 sociauit
1007 3753 1066 3805 Iun
1124 3753 1140 3804 2
1160 3758 1365 3808 consecuturum
1385 3755 1470 3807 Pom:

324 3843 514 3892 consecuturus
533 3840 594 3894 MR
650 3846 665 3894 a
686 3854 706 3893 a·
720 3841 827 3894 diuersa
845 3845 982 3895 sententia
1001 3848 1045 3907 (=
1055 3849 1147 3910 porte)
1166 3841 1468 3911 impraedationem

323 3928 474 3981 scritantias
498 3929 560 3983 MR
635 3930 666 3983 10
692 3948 760 3998 quae
788 3932 899 3997 scripsi:
928 3948 1051 4000 quaeque
1073 3932 1144 3998 MR,
1172 3948 1312 4001 quaequae
1339 3932 1469 3987 Oeblerus

324 4017 354 4068 11
376 4017 442 4070 traso
461 4019 559 4071 addidi
598 4020 629 4071 14
648 4022 714 4086 ‹,‡et>
733 4018 766 4071 ad
787 4021 856 4073 eius
875 4020 1013 4075 Christum
1030 4023 1096 4087 sort.
1114 4025 1175 4087 (sec.
1194 4022 1245 4077 loc.
1261 4025 1339 4089 penu)
1377 4024 1411 4076 16
1425 4038 1467 4075 oc·

324 4115 412 4157 enrrot
430 4107 583 4175 MXPuor,
603 4110 719 4161 occurrit
737 4109 764 4163 R
831 4112 861 4161 17
882 4109 914 4162 de
933 4126 975 4161 me
994 4110 1065 4177 MR,
1083 4126 1100 4163 a
1117 4126 1160 4163 me
1178 4109 1294 4163 PomN
1359 4112 1392 4164 19
1411 4112 1467 4165 eius

323 4193 549 4248 th',eonrl'orn
587 4198 1095 4265 ‘21regnauitlr,regnarithtn'Pcm
1131 4198 1309 4253 aereos]
1360 4201 1467 4268 generis

320 4281 494 4347 <ruoi>Pnrn
550 4287 584 4337 ‘24
604 4287 710 4338 occulos
727 4288 758 4339 M
794 4288 829 4338 ‘25
846 4288 1216 4341 errantiomex-iurus.M
1249 4290 1283 4342 26
1298 4287 1469 4343 sedentisdl
