3250 4959
340 395 405 462 598
571 393 687 459 Quinti
707 393 850 462 Septimi
868 391 1040 445 Florentio
1059 390 1264 444 Tertulliani

342 588 440 654 tiauit
457 589 583 654 Esaias:
608 587 778 672 prodibit
800 587 908 670 uirga
930 585 974 651 de
997 585 1123 652 radico
1140 585 1256 660 losse,
1281 587 1319 650 et
1337 585 1413 649 flos
1433 580 1486 670 [de

342 693 481 784 radice]
515 694 697 760 ascendet
729 693 771 758 do
799 695 917 778 uirga,
950 696 986 758 et
1017 694 1235 776 requiescet
1267 710 1381 774 super
1408 711 1485 756 eum

343 801 502 886 spiritus
519 800 588 866 dei.
605 801 718 866 dehinc
738 800 862 885 species
877 801 947 866 eius
961 803 1140 865 enumerat:
1159 799 1324 882 spiritus
1344 799 1487 882 sapien·

341 909 415 973 tiae
449 911 485 973 et
511 907 813 992 intellegentiae,
848 907 1010 990 spiritus
1040 906 1195 971 consilii
1223 908 1260 970 et
1283 905 1485 982 ualentiae,

343 1014 505 1096 spiritus
521 1015 730 1099 agnitionis
751 1019 788 1078 et
806 1013 1020 1098 religionis,
1041 1013 1202 1097 spiritus
1221 1031 1304 1078 eum
1323 1012 1486 1094 replebit
1512 1037 1524 1074 s

340 1119 489 1186 timoris
510 1120 577 1186 dei.
598 1121 761 1188 Christum
781 1121 864 1186 onim
883 1123 916 1186 in
934 1120 1022 1185 floris
1042 1120 1143 1205 figura
1161 1119 1311 1195 ostendit,
1331 1118 1486 1184 oritnmm

339 1245 377 1291 er
394 1227 485 1311 uirga
503 1228 646 1310 profecta
663 1229 701 1293 de
719 1228 825 1294 radice
843 1229 942 1306 lesse,
964 1227 999 1292 id
1018 1230 1068 1292 est
1085 1227 1208 1311 uirgine
1227 1226 1354 1310 generis
1373 1225 1486 1301 Dauid,

340 1333 398 1396 lilii
425 1333 523 1412 lesse,
556 1335 587 1398 in
617 1354 679 1417 quo
710 1335 836 1402 Christo
865 1334 1039 1400 consistere
1063 1333 1193 1398 haberet
1214 1336 1284 1397 tota
1307 1333 1487 1397 substantia

341 1439 484 1521 spiritus,
508 1459 569 1506 non
594 1443 684 1524 quasi
712 1447 825 1525 postea
847 1442 1023 1508 obuentura
1045 1440 1104 1519 illi,
1129 1440 1184 1523 qui
1207 1458 1334 1522 semper
1357 1439 1486 1524 spiritua

341 1545 391 1610 dei
418 1548 525 1626 fuerit,
559 1551 631 1614 ante
660 1568 784 1614 carnem
814 1568 951 1631 quoque,
979 1585 1023 1594 —
1050 1565 1091 1611 ne
1114 1567 1151 1611 ex
1173 1547 1234 1610 hoc
1256 1545 1486 1631 argumenteris
1504 1569 1525 1606 ro

340 1653 539 1735 prophetiam
563 1655 602 1719 ad
626 1675 698 1720 eum
723 1655 886 1720 Christum
909 1655 1076 1738 pertinere,
1104 1653 1159 1735 qni
1182 1656 1220 1718 ut
1240 1652 1338 1717 horno
1362 1655 1487 1717 tantum

342 1777 378 1822 ex
393 1761 460 1824 solo
476 1780 572 1826 censu
587 1762 691 1826 Dauid
706 1765 818 1844 postea
832 1762 1061 1826 consecuturus
1077 1760 1120 1824 sit
1134 1758 1185 1822 dei
1198 1759 1248 1822 sni
1267 1758 1432 1842 spiritum,
1446 1795 1486 1804 -

342 1864 398 1929 sod
422 1868 570 1948 quoniam
594 1869 714 1944 exinde,
740 1887 801 1950 quo
826 1868 987 1932 floruisset
1009 1867 1041 1931 in
1065 1885 1156 1930 came
1180 1868 1310 1948 sumpta
1333 1865 1486 1946 exstirpe

341 1971 456 2052 Dauid,
479 1975 678 2056 requiescere
695 1976 728 2040 in
747 1976 802 2039 illo
823 1975 953 2039 haberet
972 1973 1075 2039 omnis
1096 1972 1236 2055 operatio
1256 1971 1380 2056 gratim
1399 1971 1486 2055 spiri·

342 2078 415 2142 talis
440 2084 472 2144 et
495 2099 677 2147 concessere
698 2085 730 2146 et
749 2082 842 2146 linem
861 2081 972 2160 facere,
997 2084 1150 2163 quantum
1168 2079 1209 2144 ad
1226 2077 1379 2146 Iudaeos:
1404 2079 1487 2142 sicut
1504 2103 1525 2142 u

342 2189 374 2246 et
400 2204 450 2248 res
479 2186 549 2270 ipsa
571 2190 718 2260 testatur.
751 2187 832 2251 nihil
856 2185 967 2251 exindo
991 2186 1130 2269 spirante
1152 2203 1249 2267 penes
1271 2184 1347 2248 illos
1372 2182 1485 2267 spiritu

342 2292 502 2370 creatoris,
526 2291 632 2358 ablato
664 2313 683 2357 a
709 2293 827 2358 Iudaea
853 2293 994 2374 sapiente
1022 2301 1055 2356 et
1081 2292 1234 2375 prudente
1256 2291 1432 2356 architecto
1454 2297 1486 2353 et

343 2397 521 2463 consiliario
542 2401 575 2464 et
592 2400 757 2484 propheta,
782 2404 819 2464 ut
837 2401 898 2465 hoo
917 2400 974 2464 sit:
998 2400 1057 2464 lex
1080 2402 1117 2464 et
1139 2399 1348 2482 prophetae
1368 2415 1484 2480 usqne

344 2501 387 2565 ed
410 2503 623 2574 Iohannem.
648 2507 756 2591 accipe
779 2526 873 2584 nuno,
898 2507 1057 2589 quomodo
1077 2511 1109 2570 et
1128 2526 1147 2570 a
1165 2505 1290 2571 Christo
1309 2505 1341 2568 in
1363 2505 1484 2568 caelum

340 2615 466 2694 recepto
491 2612 682 2677 charismata
705 2615 880 2680 ohuenture
897 2613 1122 2697 pronuntiarit:
1147 2611 1321 2677 ascendit
1343 2612 1379 2676 in
1403 2610 1483 2674 snb·
1499 2633 1523 2672 a

341 2715 555 2797 limitatam,
588 2720 621 2784 id
653 2721 760 2785 estin
791 2721 930 2796 caelum
964 2720 1153 2802 captiuam
1186 2719 1292 2782 duxit
1326 2718 1483 2802 captiui·

340 2826 466 2902 tatem,
490 2825 522 2889 id
547 2831 597 2891 est
619 2832 753 2892 mortem
778 2830 832 2892 uel
850 2827 1021 2890 humanam
1041 2826 1245 2902 seruitutem3
1270 2825 1358 2889 data
1382 2823 1483 2888 dedit

340 2929 437 2994 liliis
465 2931 666 3010 hominum,
694 2934 727 2997 id
756 2940 806 2999 cst
828 2933 988 3010 donatiuo,
1017 2952 1097 3015 quae
1121 2933 1314 2998 charismata
1337 2931 1482 2996 dicimus.

340 3035 501 3119 eleganter
514 3039 599 3104 ‘filiis
615 3039 789 3105 hominum'
803 3041 858 3118 ait,
869 3060 930 3104 non
944 3040 1063 3123 passim
1079 3039 1293 3110 hominihus,
1308 3057 1366 3103 nos
1381 3043 1483 3102 osten·

340 3141 417 3206 dens
440 3145 524 3210 lilios
548 3146 722 3226 hominum,
751 3146 784 3211 id
808 3153 858 3212 est
880 3165 955 3212 uero
982 3146 1158 3224 hominum,
1186 3146 1416 3229 apostolorum.
1448 3145 1482 3206 in
1500 3161 1524 3198 τε

342 3252 542 3334 euangelio
567 3254 660 3332 enim,
690 3254 803 3336 inquit,
828 3271 896 3338 ego
920 3272 987 3319 uos
1011 3253 1200 3337 generaui,
1224 3255 1270 3316 ot:
1299 3251 1378 3316 filii
1402 3250 1482 3325 mei,

430 3427 456 3496 1]
473 3427 516 3481 ns.
532 3429 573 3496 11,
590 3430 666 3484 1-2.
705 3430 732 3500 3]
749 3429 794 3486 ns.
811 3430 942 3498 nne-3.
981 3427 1024 3498 m]
1040 3427 1073 3482 cf.
1091 3427 1206 3492 neae.
1244 3427 1290 3497 ro]
1304 3427 1370 3481 cue.
1387 3427 1430 3491 ro,
1442 3429 1482 3482 ro.

339 3513 456 3585 20-231
475 3516 544 3586 npn.
562 3519 588 3582 4,
607 3519 632 3573 e.
652 3517 686 3573 cr.
700 3519 745 3572 ns.
764 3518 807 3586 oo,
828 3518 870 3572 19.
925 3518 972 3586 25]
992 3517 1006 3570 1
1024 3516 1086 3571 σοι.
1104 3518 1131 3579 4,
1151 3517 1193 3571 15.
1248 3515 1294 3586 eo]
1314 3515 1372 3571 cu.
1392 3518 1419 3582 4,
1440 3517 1481 3572 ro.

376 3655 389 3708 l
410 3655 443 3708 de
462 3657 553 3712 radice
571 3659 671 3712 sectaret
706 3658 868 3712 descendet
880 3657 913 3712 de
928 3659 1018 3727 uirga:
1031 3658 1071 3712 aio
1085 3657 1178 3726 topicae
1190 3655 1303 3710 uidet&
1320 3655 1392 3710 Ten.
1407 3655 1484 3724 apud

337 3741 464 3810 Esaiam,
484 3745 519 3812 cf.
539 3745 572 3799 de
590 3763 672 3800 carme
693 3746 796 3800 Christi
814 3751 864 3799 21:
881 3745 931 3800 iloa
950 3746 984 3800 de
1003 3747 1081 3816 uirga
1100 3751 1139 3800 et.-
1161 3745 1240 3814 uirga
1257 3761 1289 3798 ex
1306 3744 1482 3800 radice-lior

338 3847 370 3885 ex
387 3834 473 3902 uirga,
493 3833 709 3889 decoronc15:
727 3837 810 3890 hebes
830 3837 922 3890 florem
938 3853 968 3889 ex
984 3837 1061 3904 uirga
1074 3835 1157 3904 Iesse,
1176 3841 1202 3889 et
1218 3836 1299 3901 infru
1317 3834 1336 3887 l.
1358 3837 1377 3886 6
1448 3833 1482 3886 de

336 3921 415 3989 uirga
433 3939 483 3977 our.
498 3923 554 3992 Rip
608 3923 688 3978 3dei
701 3925 744 3990 M,
764 3925 867 3978 domini
883 3923 913 3978 R
921 3925 1005 3993 uulgo
1058 3923 1262 3993 dspirituaM,
1282 3926 1312 3976 et
1328 3923 1441 3992 spiritus
1455 3921 1483 3975 R

336 4009 420 4078 culpo
474 4012 628 4082 oreplebit
644 4013 731 4068 Pam:
748 4013 904 4083 repleuebit
916 4012 958 4081 M,
976 4012 1135 4083 repleuitR
1188 4013 1251 4066 ‘lex
1265 4013 1344 4082 uirga
1356 4009 1441 4080 MR',
1455 4017 1484 4064 et

336 4099 415 4168 uirga
428 4099 467 4154 R¹
523 4101 556 4154 14
574 4102 688 4156 heberet
706 4103 791 4156 omnis
810 4102 853 4170 M,
871 4104 960 4156 omnia
976 4101 1092 4156 haberet
1107 4099 1240 4170 Raulpo,
1257 4099 1372 4155 haberet
1388 4115 1442 4154 oua
1454 4099 1486 4155 F

338 4188 371 4242 16
389 4189 510 4258 spirante
524 4189 571 4255 13³,
591 4189 806 4259 speranteMR¹
863 4191 895 4243 18
914 4190 965 4244 hoc
982 4189 1026 4258 Μ,
1044 4189 1112 4243 haec
1129 4187 1158 4244 R
1228 4189 1379 4259 prophetae
1396 4187 1483 4242 Pan:

336 4279 470 4344 propheta
486 4277 549 4331 MR
603 4279 637 4332 22
657 4279 722 4332 deta
740 4279 817 4333 dedit
834 4278 877 4344 M,
897 4278 974 4333 dedit
992 4277 1057 4333 data
1074 4276 1103 4330 R
