3250 4959
324 425 388 488 582
548 419 664 484 Quinti
684 420 828 489 Septimi
847 419 1018 473 Florentia
1037 419 1240 474 Tertulliani

322 616 522 698 positionem,
563 615 647 697 apud
689 634 782 698 quem
824 615 1005 680 innenimus
1040 615 1207 696 utriusque
1248 612 1471 695 dispositionis

323 722 568 786 deliniationem.
591 721 698 804 ipsum
719 721 803 804 quod
822 721 882 785 ait:
907 741 978 803 qua
999 721 1180 786 libertate
1204 719 1384 784 Christus
1402 737 1470 782 nos

321 828 552 906 manumisit,
585 846 782 892 nonnosum
816 827 986 893 constituit
1015 827 1292 904 manumissorem,
1326 825 1381 907 qui
1408 824 1471 888 init

321 934 490 999 dominus?
520 934 639 998 alienos
668 935 751 998 onim
779 953 890 999 seruos
914 954 971 999 nec
994 931 1095 998 Galba
1118 933 1315 1009 manumisit,
1342 931 1469 996 facilius

320 1041 438 1106 liberos
458 1041 633 1107 soluturus.
650 1041 687 1106 ab
709 1060 744 1106 eo
765 1041 865 1124 igitur
882 1041 1095 1124 praestabitur
1112 1040 1254 1116 libertas,
1270 1039 1357 1122 apud
1375 1056 1469 1121 quem
1498 1057 1511 1096 s

320 1147 383 1212 fuit
406 1149 544 1212 seruitus
567 1147 659 1232 legis.
688 1151 720 1212 et
742 1147 856 1212 merito
879 1167 941 1212 uon
964 1147 1099 1212 decebat
1119 1145 1335 1211 manumissos
1358 1164 1467 1210 rursus

319 1253 394 1336 iugo
419 1254 595 1332 seruitutis,
620 1253 652 1317 id
677 1257 726 1318 est
748 1254 841 1336 legis,
865 1254 1029 1337 adstringi,
1052 1254 1115 1318 iam
1135 1253 1258 1335 psalmo
1277 1251 1467 1334 adimpleto:

320 1358 601 1443 disrumpamus
634 1360 788 1425 uincula
822 1365 1017 1425 eorumet
1053 1359 1263 1424 abiciamus
1302 1379 1320 1422 a
1359 1358 1466 1423 nobis

321 1465 452 1550 iugum
481 1467 660 1548 ipsorum,
694 1471 866 1549 postquam
895 1467 1095 1532 archontes
1125 1464 1349 1551 congregati
1382 1472 1466 1529 sunt

319 1573 360 1636 in‘
392 1592 503 1637 unum
541 1573 724 1638 aduersus
762 1573 951 1638 dominum
984 1577 1021 1638 et
1053 1573 1238 1638 aduersus
1272 1571 1505 1637 Christano

319 1679 450 1760 ipsius.
480 1679 517 1742 de
546 1680 702 1744 seruitute
731 1680 831 1764 igitur
853 1681 1007 1762 exemptis
1030 1679 1133 1762 ipsam
1163 1679 1330 1744 seruitutis
1360 1681 1464 1742 nomm

318 1786 443 1851 eradere
462 1787 694 1869 perseuerabat,
720 1787 1004 1865 circumcisionem,
1024 1806 1060 1850 ex
1077 1785 1323 1868 praedicationis
1342 1783 1466 1848 scilieet

316 1892 518 1976 propheticae
551 1895 752 1970 auctoritate,
786 1913 907 1958 memor
938 1893 1059 1957 dictum
1091 1912 1149 1976 per
1179 1892 1395 1956 Hieremiam:
1433 1902 1465 1954 et

320 1999 635 2064 circumcidimini
655 2002 854 2082 praeputia
872 1998 996 2064 cordis
1016 1999 1154 2073 uestri3
1175 1998 1249 2079 quia
1267 2003 1302 2062 et
1319 1997 1463 2081 Moyses:

320 2105 606 2171 circumcidetis
631 2106 884 2172 duricordiam
909 2110 1085 2184 uestram,
1113 2105 1146 2170 id
1170 2108 1304 2169 estnon
1327 2122 1503 2168 camema

319 2211 454 2294 denique
486 2213 513 2278 si
546 2213 822 2278 circumcisionem
855 2213 893 2276 ab
926 2213 988 2278 alio
1016 2212 1074 2277 deo
1102 2213 1234 2277 ueniens
1267 2210 1465 2284 excludebat,

318 2336 375 2381 our
399 2317 493 2382 etiam
518 2319 801 2402 praeputiationem
825 2322 921 2402 negat
948 2319 1119 2401 quicquam
1147 2319 1254 2382 ualere
1281 2317 1314 2380 in
1338 2317 1465 2382 Christo

319 2423 404 2488 sicut
436 2427 468 2488 et
500 2424 794 2490 circumcisionem?
832 2425 989 2509 praeferre
1021 2425 1105 2489 enirn
1138 2423 1275 2489 debebat
1307 2422 1464 2487 aemulam

320 2529 399 2607 eius,
423 2549 516 2611 quam
542 2533 749 2616 expugnabat,
774 2532 801 2596 si
821 2533 859 2596 ab
880 2532 1005 2597 aemulo
1025 2529 1275 2595 circumcisionis
1293 2529 1354 2594 deo
1374 2533 1465 2593 esset.

318 2653 420 2718 porro,
437 2635 512 2718 quia
530 2641 562 2702 et
581 2638 780 2703 circumcisio
795 2642 829 2702 et
842 2637 1053 2721 praeputiatio
1069 2637 1123 2702 uni
1143 2636 1201 2702 deo
1221 2635 1464 2719 deputabantur,
1481 2655 1506 2694 so

318 2741 389 2806 ideo
422 2747 555 2825 utraque
587 2746 618 2808 in
644 2744 771 2810 Christo
795 2745 953 2809 uacabant
978 2748 1107 2827 propter
1128 2742 1203 2808 fidei
1226 2743 1464 2826 praelationem,

320 2847 409 2914 illius
433 2849 517 2931 fidei,
543 2850 581 2914 de
607 2871 669 2934 qua
693 2855 759 2916 erat
783 2851 952 2932 seriptum:
977 2855 1014 2915 et
1036 2850 1073 2914 in
1095 2851 1244 2916 nomine
1267 2849 1350 2914 eins
1374 2849 1464 2912 nati·

321 2973 408 3020 ones
434 2957 596 3036 credent,
620 2958 709 3023 illius
729 2957 812 3036 fidei,
837 2976 932 3038 quam
951 2956 1082 3024 dicendo
1101 2956 1379 3040 perdilectionem
1399 2975 1464 3037 per·

319 3060 371 3125 fici
394 3063 441 3127 sio
464 3083 589 3146 quoque
612 3065 762 3130 creatoris
787 3063 936 3129 ostendit.
960 3063 1031 3129 siue
1055 3064 1138 3128 enim
1162 3061 1365 3127 dilectionem
1389 3061 1465 3126 dicit

320 3187 400 3250 qnae
423 3170 455 3233 in
480 3170 586 3250 deum,
615 3173 648 3236 et
670 3172 731 3236 lroc
755 3171 905 3236 creatoris
929 3173 992 3234 est:
1021 3169 1163 3253 diliges
1187 3169 1295 3234 deum
1319 3188 1361 3233 ar
1384 3171 1463 3232 toto
1479 3188 1503 3228 a

321 3274 430 3339 eorde
463 3279 528 3342 tuo
562 3281 598 3342 et
631 3297 670 3342 cr
703 3281 784 3342 tota
817 3277 939 3341 anima
965 3281 1031 3341 tua
1058 3280 1095 3341 ct
1123 3295 1163 3341 ex
1190 3276 1287 3341 totis
1314 3275 1463 3339 uiribus

320 3383 408 3458 tuis,
442 3383 511 3448 siue
541 3403 620 3465 quae
648 3384 678 3447 in
709 3384 898 3467 proximum,
922 3384 968 3448 et:
1001 3382 1207 3465 proximum
1240 3386 1346 3446 tuum
1379 3385 1464 3444 tam-

410 3555 436 3624 2]
457 3555 515 3609 Gal.
535 3557 560 3618 5,
582 3557 605 3610 1.
660 3556 688 3625 8]
709 3557 754 3610 Ps.
774 3558 799 3624 2,
820 3557 845 3610 3.
900 3557 928 3625 9]
948 3555 993 3609 Ps.
1013 3557 1038 3616 2.
1058 3555 1136 3609 1-a.
1198 3554 1463 3626 laetisonae.

321 3643 366 3712 13]
385 3643 458 3697 Hier.
477 3647 503 3705 4,
522 3647 548 3698 4.
599 3644 642 3714 15]
662 3645 745 3701 Dent.
765 3644 806 3709 10,
828 3645 870 3699 16.
926 3644 971 3713 17]
993 3644 1196 3712 cadalao.
1248 3643 1464 3714 selbasar.

321 3733 365 3800 23]
386 3733 418 3786 ci.
439 3731 498 3788 Gal.
519 3735 544 3800 b,
564 3735 589 3789 6.
645 3735 689 3804 25]
709 3734 792 3787 Deut.
811 3737 838 3796 6,
857 3735 882 3787 5.
937 3733 1067 3802 271Leu.
1089 3735 1130 3795 19.
1152 3734 1193 3787 18.

356 3855 601 3912 'Zdelineationcm
622 3857 668 3926 R³,
688 3857 897 3913 declinationem
916 3857 989 3912 MR¹
1042 3875 1092 3911 nos
1110 3857 1264 3911 Pamsuos
1283 3856 1346 3911 MR
1386 3861 1465 3912 tneo

321 3944 394 3998 Irrrr:
414 3963 447 4000 ue
466 3947 529 4002 MR
609 3951 626 4002 5
646 3950 782 4002 soluturus
802 3946 849 4010 m,
869 3947 973 4000 solutos
993 3946 1067 4001 Mle
1147 3949 1164 4001 6
1182 3947 1289 4000 merito.
1308 3963 1363 4000 nou
1381 3947 1465 4016 salpe

321 4033 336 4086 7
356 4034 383 4088 id
403 4041 445 4089 est
462 4037 574 4106 MR³G,
594 4039 638 4090 uel
657 4036 695 4092 1i¹
746 4039 775 4090 11
797 4037 929 4105 exemptis
947 4036 1061 4104 scripsi:
1078 4037 1217 4105 exemptos
1236 4033 1298 4089 MR
1349 4035 1383 4088 la
1402 4051 1465 4088 eua-

322 4121 384 4177 dere
403 4141 475 4193 susp.
495 4125 567 4195 Eup,
587 4133 666 4180 lucas
683 4143 769 4194 supro
790 4129 934 4195 exemptos
1008 4125 1041 4178 18
1060 4129 1089 4178 et
1107 4124 1336 4178 circumcisionem
1354 4123 1465 4185 MR'G,

322 4229 352 4264 or
372 4214 572 4268 circumcisione
591 4214 630 4269 R¹
702 4215 734 4268 21
756 4215 891 4268 uacabant
908 4214 951 4280 M,
969 4213 1087 4267 uacabat
1103 4212 1132 4268 R
1203 4213 1238 4266 27
1257 4217 1297 4267 et:
1316 4213 1466 4283 proximum

321 4303 400 4372 Eup:
421 4307 449 4356 et
467 4304 614 4373 proximum
634 4305 717 4373 culpo
