3250 4959
334 376 398 440 236
564 373 679 439 Quinti
700 372 842 444 Septimi
860 372 1029 427 Florentia
1048 371 1252 425 Tertulliani

335 584 394 629 sua
411 584 547 647 persona
567 564 735 647 profitetur
761 568 884 647 patrem
907 564 938 628 in
961 564 1088 628 nomine
1119 561 1265 645 sophiae:
1294 561 1478 628 dominns

334 670 523 737 condidit
555 690 612 735 me
645 672 810 735 initium
842 671 1000 734 uiarum
1038 670 1075 733 in
1113 688 1230 751 opera
1262 688 1347 747 sua;
1385 678 1478 735 ante

334 797 469 842 omnes
494 780 626 842 autern
652 777 786 841 colles
810 777 1027 861 generauit
1049 796 1115 841 me.
1140 796 1212 840 nam
1232 776 1260 841 si
1278 776 1330 841 hio
1350 776 1478 858 quidem

334 885 447 967 sophia
470 884 598 949 uidetur
621 884 724 949 dicere
749 883 909 949 conditam
933 904 967 949 se
987 904 1006 948 a
1028 883 1155 959 domino
1179 883 1211 947 in
1236 902 1329 967 opera
1353 888 1385 947 et
1409 884 1477 947 uias

333 991 414 1066 eius,
443 990 519 1055 alibi
547 993 653 1054 autem
681 1009 738 1071 per
761 1008 938 1054 sermonem
967 990 1145 1053 ostenditur
1168 990 1274 1054 omnia
1295 990 1380 1054 iacta
1409 1008 1478 1053 esse
1505 1010 1516 1047 n

335 1100 367 1161 et
394 1097 462 1161 sine
489 1097 546 1161 illo
576 1096 656 1160 nihil
683 1097 814 1167 iactum.
844 1096 929 1161 sieut
957 1100 989 1160 et
1020 1115 1161 1160 rursum:
1194 1115 1367 1161 sermone
1396 1096 1477 1161 eius

335 1204 433 1268 caeli
471 1203 688 1269 confirmati
726 1206 817 1268 sunt
850 1205 886 1267 et
919 1203 1059 1285 spiritu
1097 1203 1178 1267 eine
1218 1222 1343 1268 omnes
1376 1204 1477 1267 uires

332 1329 470 1398 eorum,
499 1312 611 1392 utique
635 1328 671 1374 eo
700 1310 825 1393 spiritu,
850 1310 904 1392 qui
928 1311 1066 1375 sermoni
1094 1310 1203 1387 inerat,
1232 1312 1362 1393 apparet
1383 1330 1476 1374 arnam

333 1418 527 1499 eandemque
546 1418 612 1481 uim
631 1435 702 1482 esee
721 1435 805 1480 nune
829 1417 860 1480 in
884 1418 1010 1481 nomine
1030 1416 1161 1499 sophiae
1184 1435 1268 1481 nuno
1285 1416 1318 1480 in
1342 1415 1477 1499 appella·

333 1524 419 1588 tione
442 1523 609 1598 sermonis,
634 1542 713 1606 qnae
736 1523 865 1587 initium
894 1523 1016 1606 aceepit
1042 1524 1167 1588 uiarum
1195 1524 1226 1587 in
1251 1523 1302 1586 dei
1330 1540 1425 1605 opera
1447 1524 1477 1585 et
1493 1546 1514 1583 11

333 1650 414 1713 qnae
438 1631 562 1695 eaelum
586 1628 795 1706 confirmauit,
825 1649 882 1713 per
904 1649 999 1713 quam
1023 1630 1127 1694 omnia
1150 1631 1235 1694 faeta
1258 1632 1333 1694 sunt
1355 1632 1387 1693 et
1411 1628 1475 1692 eine

333 1757 397 1819 qua
418 1736 499 1801 nihil
520 1737 642 1801 factum
666 1739 725 1800 est.
749 1755 806 1801 nee
834 1736 955 1801 diutius
980 1736 1018 1799 de
1042 1737 1117 1813 isto,
1146 1736 1235 1819 qnasi
1259 1755 1320 1801 non
1343 1736 1412 1818 ipse
1436 1735 1477 1799 sit

333 1862 437 1907 sermo
466 1844 498 1906 et
525 1842 557 1905 in
586 1841 715 1924 sophiae
745 1845 777 1907 et
803 1842 835 1906 in
859 1842 988 1907 rationis
1014 1847 1045 1906 et
1071 1842 1103 1906 in
1132 1842 1233 1907 omnis
1257 1841 1359 1905 diuini
1382 1840 1474 1905 animi

333 1952 365 2013 et
389 1948 521 2031 spiritus
545 1949 681 2025 nomine,
711 1948 765 2029 qui
793 1948 879 2014 filius
908 1950 1012 2013 faetus
1042 1953 1092 2013 est
1120 1947 1180 2025 dei,
1209 1949 1248 2013 de
1278 1966 1340 2032 quo
1369 1947 1474 2031 prole-

331 2056 415 2121 undo
448 2057 615 2138 generatus
649 2056 707 2118 est.
740 2074 825 2138 ergo,
858 2055 974 2138 inquis,
1007 2055 1063 2120 das
1096 2055 1234 2137 aliquam
1266 2054 1474 2119 substantiam
1489 2072 1509 2110 ι(

333 2182 405 2226 esse
438 2181 625 2239 sermonem,
659 2160 774 2244 spiritu
807 2165 839 2225 et
870 2162 1000 2245 sophiae
1036 2161 1206 2227 traditione
1243 2164 1474 2227 oonstmetam?

331 2269 431 2352 plane.
468 2288 530 2333 non
562 2268 613 2332 nis
647 2268 731 2332 enim
764 2287 837 2332 eurn
871 2270 1108 2334 substantiolam
1147 2269 1261 2334 habere
1294 2270 1326 2333 in
1359 2288 1392 2333 re
1424 2286 1474 2351 per

332 2376 530 2440 substantiae
543 2374 779 2457 proprietatem,
794 2375 865 2458 (ne)
880 2378 916 2438 ut
930 2394 980 2440 res
1000 2379 1033 2440 et
1050 2394 1183 2459 persona
1202 2374 1359 2458 quaedam
1377 2374 1473 2439 uideri

332 2482 436 2564 possit
459 2484 492 2545 et
513 2480 560 2545 ita
582 2482 688 2563 capiat
710 2482 870 2546 secundus
895 2500 914 2544 a
937 2481 994 2546 deo
1020 2484 1213 2546 constitutus
1242 2482 1322 2546 duos
1354 2482 1473 2545 efficere

332 2592 454 2670 patrem
483 2586 654 2665 etlilium,
682 2588 777 2651 deum
806 2591 839 2653 et
867 2607 1052 2653 sermonem.
1082 2589 1158 2671 quid
1187 2591 1237 2653 est
1264 2589 1357 2665 enim,
1388 2586 1472 2663 diris,
1489 2606 1510 2645 n

333 2713 447 2770 sermo,
476 2694 538 2758 nisi
567 2713 628 2760 uox
656 2698 689 2759 et
716 2714 812 2759 sonus
838 2696 900 2760 oris
930 2700 971 2773 et,
1001 2696 1086 2761 sient
1113 2694 1313 2779 grammatici
1339 2696 1473 2759 tradunt.

333 2822 386 2866 aer
423 2802 573 2877 offensus,
606 2802 826 2885 intellegibilis
860 2802 981 2879 (11111111,
1004 2806 1159 2867 aeterum
1195 2820 1334 2867 uacuum
1372 2801 1472 2866 nescio

333 2908 409 2990 qnid
433 2912 466 2972 et
487 2908 580 2972 inane
605 2914 636 2972 et
658 2909 876 2990 incorporale?
905 2914 937 2973 at
960 2930 1019 2993 ego
1044 2910 1123 2974 nihil
1146 2910 1216 2974 dieo
1242 2909 1280 2973 de
1304 2908 1362 2973 deo
1387 2908 1472 2972 inane

333 3020 366 3079 et
389 3034 527 3079 uacuum
550 3015 676 3097 prodire
698 3018 854 3097 potuisse,
883 3024 1002 3082 utnon
1029 3017 1067 3082 de
1090 3016 1174 3081 inani
1197 3020 1230 3081 et
1251 3034 1354 3081 uacuo
1379 3014 1472 3099 prola·

331 3126 413 3199 turn,
437 3140 495 3185 neo
519 3140 622 3186 oarere
647 3122 827 3186 substantia
850 3123 935 3205 quod
960 3124 996 3187 de
1015 3126 1104 3187 tanta
1122 3122 1302 3187 substantia
1324 3120 1508 3206 prooessitsr

333 3234 365 3293 et
388 3231 493 3292 tantas
518 3228 714 3292 substantias
738 3228 826 3304 feeit3
851 3229 927 3294 iecit
950 3231 1033 3294 enim
1052 3234 1083 3293 et
1102 3230 1171 3311 ipse
1195 3230 1382 3312 quaefacta
1406 3230 1473 3293 sunt

424 3421 450 3489 1]
469 3420 548 3474 Pron.
567 3421 594 3486 8,
613 3419 655 3472 22.
671 3420 714 3474 25.
765 3420 791 3483 51
807 3419 841 3473 oi.
856 3419 915 3473 Ioh.
932 3421 955 3481 1,
971 3422 995 3475 3.
1047 3422 1074 3489 6]
1090 3420 1135 3474 Ps.
1150 3421 1193 3485 3¹2,
1208 3421 1233 3475 6.
1285 3421 1330 3489 101
1351 3422 1386 3473 oi.
1399 3420 1471 3473 Pron.

332 3510 358 3573 8,
378 3512 420 3563 22.
441 3510 474 3563 ci.
493 3510 536 3564 Pe.
557 3510 601 3575 32,
619 3510 644 3561 6.
702 3509 745 3577 11]
766 3509 799 3562 el.
819 3508 876 3562 loh.
898 3510 920 3575 l,
940 3511 964 3562 3.

369 3645 385 3694 2
404 3644 433 3696 in
452 3660 534 3711 opera
552 3658 601 3695 ena
620 3642 681 3710 RF,
702 3643 729 3695 in
748 3660 797 3695 sna
816 3660 898 3712 opera
915 3643 952 3697 M
972 3648 1051 3711 (corr.
1071 3661 1105 3697 rra.
1124 3649 1148 3709 1)
1169 3644 1195 3696 P
1268 3644 1285 3697 8
1308 3608 1430 3707 sermone
1444 3638 1475 3693 ,11

336 3734 368 3785 14
388 3736 430 3785 est
447 3748 498 3784 ona.
513 3732 541 3784 P
558 3731 633 3794 (eald.
654 3732 681 3785 R
699 3732 729 3783 ia
747 3749 797 3800 my.
818 3749 851 3785 ex
869 3732 1076 3801 Hireaaayieasr')
1130 3734 1161 3786 15
1182 3732 1246 3786 dare
1265 3758 1299 3779 =
1318 3732 1471 3786 onnehmera

333 3829 363 3873 ((1
381 3821 493 3873 uidetur
548 3822 581 3873 11
599 3821 688 3890 plane.
707 3837 761 3873 non
780 3822 821 3874 uis
842 3822 911 3875 enirn
933 3822 1057 3881 MFGR,
1078 3822 1157 3891 plane
1176 3822 1344 3875 nouimrsP
1393 3822 1427 3875 18
1444 3832 1472 3870 ne

334 3910 435 3963 1111111111
454 3913 496 3973 (ut
513 3927 555 3962 res
575 3912 603 3961 et
621 3926 736 3977 persona
753 3910 892 3978 inlellepe:
913 3912 984 3964 sr'eut
1002 3927 1044 3964 ree
1057 3912 1100 3963 ita
1114 3917 1140 3965 et
1153 3914 1286 3979 persona)
1338 3910 1370 3963 19
1389 3908 1473 3980 capiat

333 4000 380 4067 Bi,
396 4000 486 4067 capias
501 3998 590 4051 PMF
589 3996 627 4051 12¹
678 3999 712 4052 20
727 3998 793 4052 dieis
807 4000 920 4067 nannai:
939 4000 1011 4054 dices
1026 3999 1117 4052 PMF
1162 4000 1195 4051 21
1212 4016 1299 4052 sermo
1313 3998 1349 4065 R,
1363 3994 1472 4053 nonnoni

333 4090 360 4140 P
379 4090 459 4150 (corr.
481 4088 516 4151 R)
536 4087 601 4139 ΜΓ
661 4089 695 4140 24
714 4088 821 4157 prodire
841 4088 877 4155 R,
896 4088 1008 4157 prodere
1028 4089 1055 4141 P
1071 4098 1150 4156 (corr.
1170 4087 1208 4155 R)
1228 4088 1293 4141 ΜΡ
1352 4088 1387 4143 25
1407 4082 1472 4157 qnod

334 4176 367 4229 de
385 4180 464 4229 tanta
482 4176 637 4229 substantia
649 4192 701 4229 om.
715 4176 743 4228 P
755 4178 831 4245 (aeid.
847 4178 874 4232 R
889 4195 921 4231 ea
936 4178 1142 4247 Hirsaupr'ener)
1192 4179 1226 4233 26
1240 4180 1332 4231 tantae
1351 4177 1471 4231 snbstan-

333 4266 387 4318 tias
402 4264 467 4326 RF,
488 4267 565 4318 tante
584 4265 751 4317 snbstantias
765 4266 800 4319 111
818 4270 968 4355 (tartesos.
985 4270 1022 4334 3),
1041 4272 1119 4322 tanta
1133 4267 1288 4323 substantia
1302 4268 1329 4321 P
1345 4270 1424 4336 (corr.
1440 4265 1471 4318 lo
