3250 4959
443 399 489 454 vt
508 400 676 454 Aduersus
694 399 841 454 Praxean
863 397 975 454 15-16.
1219 399 1282 464 257

127 597 204 662 tine.
230 596 278 660 ita
301 613 425 676 semper
448 594 620 671 ediscebat,
650 597 682 658 et
710 593 799 671 deus,
824 593 971 658 interris
1001 611 1073 658 cum
1101 593 1283 658 bominibus

127 702 327 778 conuersari,
361 719 422 765 non
454 701 537 765 alius
570 719 666 782 quam
698 718 813 772 sermo,
851 701 907 781 qui
940 717 1010 764 caro
1044 705 1111 764 erat
1139 699 1282 772 tuturus:

127 808 299 873 ediscebat
325 811 443 886 autem,
471 811 509 871 ut
531 806 623 871 nobis
650 806 746 870 fidem
770 809 934 884 sterneret,
962 811 1001 870 ut
1022 805 1150 870 facilius
1179 804 1284 870 crede·

126 933 242 978 remus
262 913 364 978 tilium
384 913 435 978 dei
454 913 657 978 descendisse
677 913 709 976 iu
734 912 910 990 saeculum,
929 911 1034 996 (curn)
1058 915 1090 977 et
1112 915 1196 977 retro
1221 911 1285 977 tale

97 1037 110 1078 ι
128 1021 210 1103 quid
226 1024 355 1105 gestum
374 1039 647 1104 cognosceremus.
662 1023 791 1104 propter
804 1038 862 1084 nos
878 1017 962 1083 onim
977 1019 1063 1084 siout
1076 1019 1194 1101 scripta
1211 1023 1285 1083 sunt

127 1129 232 1192 itaet
251 1130 342 1212 gesta
364 1131 449 1207 sunt,
472 1127 508 1191 iu
532 1145 626 1209 quos
650 1145 830 1192 aeuorum
855 1126 952 1190 fines
973 1107 1283 1191 decucurrerunt.

130 1236 178 1299 sic
209 1235 308 1299 etiam
341 1233 486 1298 adtectus
518 1233 673 1298 humanos
707 1233 830 1298 sciebat
860 1233 923 1296 iam
956 1236 1042 1310 tuno,
1076 1235 1283 1316 suscepturus

130 1341 232 1404 etiam
261 1339 348 1422 ipsas
377 1339 573 1404 substantias
596 1338 744 1416 bominis,
769 1357 894 1404 caruem
919 1343 951 1404 et
974 1338 1124 1416 animum,
1154 1339 1285 1404 iuterro-

129 1465 212 1531 gans
237 1446 340 1510 Adam
369 1446 460 1527 quasi
487 1446 646 1511 nesciens:
675 1447 740 1510 ubi
768 1465 817 1519 os,
842 1445 978 1510 Adam?
1001 1447 1176 1530 paenitens,
1201 1447 1285 1528 quod

86 1570 112 1611 ro
129 1553 297 1617 bominem
324 1552 464 1626 fecisset,
493 1554 585 1635 quasi
613 1572 674 1617 non
701 1554 895 1637 praesciens;
925 1555 1086 1636 temptans
1114 1553 1284 1631 Abrabam,

131 1660 226 1743 quossi
249 1659 409 1743 ignoraus,
432 1658 523 1742 quid
551 1661 603 1724 sit
629 1660 666 1723 in
695 1660 862 1737 homine;
887 1661 1038 1741 offensus,
1062 1661 1284 1726 reconciliatus

131 1767 269 1842 eisdem,
298 1769 330 1831 et
358 1767 386 1831 si
415 1785 477 1849 qua
504 1766 656 1831 baeretici
684 1767 922 1850 adprehendunt
950 1769 1041 1850 qnasi
1070 1767 1128 1832 deo
1156 1767 1286 1852 indigna

131 1874 173 1938 ad
197 1873 449 1938 destructionem
477 1875 639 1951 creatoris,
668 1874 852 1956 ignorantes
877 1875 954 1940 baec
978 1875 1009 1938 in
1033 1874 1135 1939 filium
1160 1893 1285 1958 compe-

130 1981 226 2055 tisse,
257 1981 311 2060 qui
339 1979 435 2043 etiarn
462 1980 626 2063 passiones
655 1981 810 2045 humanae
841 1983 874 2045 et
906 1981 993 2046 sitim
1025 1986 1057 2045 et
1089 1981 1225 2046 esuriem
1254 1986 1286 2047 et

89 2105 114 2144 ιι
130 2087 286 2150 lacrimas
318 2091 351 2149 et
380 2087 483 2169 ipsam
510 2087 712 2152 natiuitatom
744 2088 910 2169 ipsamque
942 2091 1076 2153 mortem
1105 2091 1173 2153 erat
1200 2089 1287 2153 subi·

131 2197 242 2269 turus,
265 2195 393 2274 propter
414 2193 474 2258 hoc
497 2192 672 2258 minoratus
701 2213 720 2257 a
746 2199 836 2276 patro
859 2194 1021 2258 modicum
1045 2195 1123 2259 citra
1146 2196 1284 2279 angelos.

132 2299 190 2364 sed
232 2317 313 2381 quae
349 2298 500 2363 baeretici
536 2300 665 2381 quidem
701 2319 759 2364 nec
796 2300 861 2366 tilio
896 2301 946 2366 dei
980 2300 1178 2384 deputabunt
1214 2321 1286 2366 con-

133 2407 257 2473 uenire.
294 2410 329 2470 tu
362 2406 424 2488 ipsi
456 2407 538 2489 patri
569 2405 707 2484 inducis,
744 2407 837 2490 quasi
869 2407 939 2491 ipso
974 2427 1008 2472 se
1041 2408 1285 2474 deminorauerit

131 2516 266 2596 propter
292 2531 360 2589 nos,
389 2531 461 2576 cum
489 2514 647 2596 scriptura
674 2515 770 2578 alium
801 2514 887 2578 dicat
915 2515 954 2579 ab
987 2515 1048 2579 alio
1081 2515 1284 2592 minoratum,

90 2637 116 2678 eo
133 2639 195 2684 non
230 2619 338 2700 ipsum
376 2637 394 2682 a
434 2621 617 2703 semetipso.
656 2621 769 2703 quodsi
803 2626 836 2686 et
872 2622 953 2686 alius
992 2622 1045 2704 qui
1080 2622 1286 2687 coronabatur

132 2725 271 2809 gloriam
299 2729 332 2789 et
358 2725 519 2801 honorem,
554 2727 637 2791 elius
675 2728 729 2808 qui
767 2729 946 2805 coronabat,
982 2728 1184 2810 (coronabat)
1224 2729 1285 2792 uti·

132 2851 196 2915 que
221 2831 324 2895 filium
348 2835 444 2913 pater.
473 2837 614 2897 ceterum
643 2834 735 2916 quale
759 2838 819 2912 est,
844 2839 881 2898 ut
905 2833 982 2899 deus
1008 2835 1206 2918 omnipotens
1231 2835 1285 2899 ille

131 2937 320 3015 inuisibilis,
346 2956 440 3019 quem
464 2958 556 3003 nemo
580 2939 664 3003 uidit
686 2939 850 3004 bominum
875 2957 933 3006 nec
957 2941 1065 3005 uidere
1089 2943 1206 3024 potest,
1231 2941 1285 3004 ille
1351 2993 1352 2998 ,

134 3044 190 3125 qui
215 3042 468 3108 inaccessibilem
491 3045 596 3109 lucem
616 3045 749 3123 habitat,
769 3046 825 3109 ille
845 3047 978 3129 quinon
998 3046 1170 3110 habitatin
1190 3065 1286 3111 manu

91 3174 117 3212 ιι
133 3151 242 3227 tactis,
271 3169 290 3213 a
317 3150 408 3214 onius
442 3155 613 3233 conspectu
641 3156 725 3217 terra
756 3153 990 3230 contremescit,
1028 3157 1153 3219 montes
1186 3153 1286 3235 lique-

135 3259 233 3320 scunt
246 3260 283 3320 ut
297 3275 377 3333 cera,
393 3257 448 3339 qui
466 3261 570 3322 totum
590 3258 697 3323 orbcm
716 3279 812 3324 manu
832 3259 1040 3341 adprehendit
1058 3261 1148 3325 uelut
1166 3261 1286 3342 nidum,

227 3395 494 3466 s]1cor.1o.11.
567 3397 773 3467 arcense.
866 3399 985 3454 moen.
1012 3400 1083 3460 ao.
1159 3399 1282 3469 ll]Iob.

135 3487 160 3551 e,
178 3486 224 3542 25.
298 3483 551 3553 senoniae.
625 3487 671 3556 ro]
692 3487 879 3556 cresse.
953 3488 998 3558 aa]
1021 3487 1174 3542 aarum.
1195 3489 1220 3556 ιι,
1242 3490 1284 3542 rc.

136 3573 426 3642 coornantur.
479 3574 525 3644 ιι]
545 3574 579 3628 cr.
598 3575 643 3631 Ρ..
664 3577 707 3638 ae,
725 3577 805 3631 4-5.
861 3577 905 3647 ee]
927 3578 957 3630 ar.
979 3577 1022 3634 ns.
1044 3578 1086 3644 ro,
1108 3578 1148 3633 14.

173 3681 186 3733 1
212 3677 361 3745 ediscebat,
385 3683 413 3732 et
436 3679 511 3748 deas,
535 3681 562 3734 in
587 3683 686 3750 ammei
708 3685 743 3749 (et
768 3685 834 3737 derce
858 3709 892 3730 =
917 3691 941 3738 ct
965 3701 1025 3739 cam
1045 3684 1110 3739 deus
1134 3686 1283 3744 etiamtum.

135 3767 260 3821 nondam
274 3784 340 3821 caro
354 3776 420 3822 esset
432 3770 539 3837 filiast·
558 3769 697 3824 ediscebat
716 3776 744 3825 et
759 3772 825 3826 deus
839 3773 866 3827 in
881 3774 964 3842 uulgo
1014 3775 1031 3828 4
1049 3777 1147 3843 (cum)
1161 3779 1189 3828 et
1203 3774 1283 3844 Erec:

135 3855 377 3924 <sr>ets³uu190
427 3859 669 3913 6decurreruntF
718 3861 1140 3932 idipsamnatiuitstemomM
1185 3865 1285 3918 ldmo-

137 3945 226 3999 dicum
240 3945 346 4013 <quid>
362 3945 415 3999 Urs
469 3949 503 4000 17
517 3948 564 4000 sed
581 3965 650 4017 quae
663 3950 776 4018 scripsi:
794 3951 842 4004 sed
857 3951 947 4005 1>an
1001 3951 1032 4006 18
1048 3958 1078 4005 tu
1091 3953 1201 4020 scripsi:
1217 3969 1285 4023 quae

138 4040 167 4086 tu
181 4033 277 4087 PMF
345 4034 398 4102 ipsi
410 4034 478 4102 PM,
492 4035 551 4104 ipse
565 4035 596 4088 F
643 4038 677 4091 20
692 4039 788 4106 quodsi
803 4038 955 4096 coerceres:
972 4041 1036 4110 quid
1052 4041 1073 4094 si
1089 4041 1288 4110 PMs'rerrqos

139 4123 319 4175 coronabatur
336 4121 399 4189 RF,
419 4125 594 4178 coronabitur
611 4126 639 4179 P
656 4140 736 4182 (corr.
755 4129 804 4183 Ri
819 4131 849 4182 aa
869 4133 894 4196 a)
913 4130 949 4182 M
1020 4131 1168 4186 coronabat
1187 4131 1287 4186 addidi

139 4212 173 4262 ‘22
195 4209 294 4278 pater?
319 4214 436 4263 ceterum
460 4213 544 4280 uulgo
599 4215 633 4267 23
653 4216 746 4270 uidere
764 4216 832 4280 PM,
852 4217 938 4270 uideri
956 4218 986 4271 F
1042 4219 1076 4270 25
1096 4223 1286 4274 contremescit

140 4297 234 4361 PMF,
254 4299 439 4352 contremiscit
457 4300 577 4370 Ruulyo

165 4423 298 4464 xxxxvrr.
312 4425 372 4463 rm.
386 4425 429 4464 ιιι.
1217 4414 1247 4466 17
