3250 4959
357 414 421 477 336
584 409 700 475 Quinti
720 411 860 480 Septimi
879 411 1050 465 Florentia
1070 411 1259 465 'tertullian

356 610 412 669 ant
440 606 512 688 quis
541 605 702 669 dubitabit
728 605 835 686 ipsum
864 605 945 669 illud
968 605 1054 669 Adae
1083 605 1234 669 delictum
1262 606 1407 670 haeresin
1433 625 1504 688 pro·
1601 591 1602 594 ¹

355 713 509 790 nuntiare,
535 711 619 793 quod
641 731 698 793 per
721 712 907 776 electionem
932 731 1008 777 suae
1031 713 1139 794 potius
1164 732 1258 795 quam
1282 712 1409 776 diuinae
1434 732 1503 778 sen·

356 818 473 882 tentiae
502 817 651 882 admisit?
680 819 742 881 nisi
771 817 855 900 quod
879 817 980 882 Adam
1004 837 1177 900 numquam
1200 817 1299 901 figulo
1324 836 1384 882 suo
1410 819 1504 882 dixit:

358 945 419 990 non
447 925 619 1008 prudenter
647 924 804 988 definxisti
832 945 892 988 me.
922 926 1085 989 confessus
1116 929 1166 990 est
1188 925 1418 999 seductionem,
1442 945 1503 990 uon

356 1032 531 1098 occultauit
559 1031 778 1096 seductricem.
817 1031 904 1095 rudis
934 1031 1104 1096 admodum
1128 1031 1306 1096 haereticus
1330 1032 1404 1096 fuit.
1442 1051 1502 1096 uon
1533 1055 1544 1093 a

356 1138 508 1210 obaudiit,
539 1157 600 1202 uon
630 1142 736 1202 tamon
761 1137 997 1220 blaspbemauit
1021 1141 1194 1202 creatorem
1218 1157 1274 1201 neo
1302 1139 1503 1220 reprehendit

357 1249 530 1319 auctorem,
571 1262 664 1326 quem
698 1262 716 1306 a
747 1244 919 1326 primordio
958 1245 1007 1307 sui
1045 1250 1077 1307 et
1113 1245 1229 1308 bonum
1273 1249 1305 1308 et
1345 1246 1501 1328 optimum

354 1352 520 1416 inuenerat
544 1350 678 1431 etipse,
703 1352 729 1414 si
754 1351 845 1424 forte,
870 1351 1007 1415 iudicem
1032 1352 1159 1416 fecerat.
1192 1348 1222 1437 [a
1244 1349 1438 1438 primordio}
1603 1431 1604 1438 ἵ

401 1461 432 1524 3.
455 1458 559 1542 Igitur
578 1456 737 1539 oportebit
756 1457 901 1521 ineuntes
922 1457 1182 1522 examinationem
1206 1458 1237 1521 in
1262 1459 1356 1522 deum
1382 1462 1501 1535 uotum,
1603 1439 1604 1472 r

356 1567 384 1630 si
417 1566 578 1647 quaeritur
608 1565 641 1628 iu
674 1583 736 1645 qua
766 1564 945 1628 conditione
974 1565 1017 1629 sit
1044 1569 1149 1643 notus,
1182 1565 1220 1628 ab
1253 1565 1403 1646 operibus
1434 1566 1500 1630 eius
1519 1589 1541 1625 n
1603 1609 1604 1638 ,

355 1673 501 1753 incipere,
522 1691 603 1754 qnae
617 1671 722 1752 priora
737 1675 812 1735 sunt
826 1671 963 1748 homine,
983 1673 1141 1736 utstatim
1164 1673 1235 1736 curii
1254 1672 1322 1753 ipso
1343 1677 1501 1754 comperta

354 1763 481 1843 bonita⁸s
511 1779 580 1842 eius
610 1784 642 1842 et
669 1777 779 1842 exinde
804 1779 980 1842 constituta
1010 1782 1105 1859 atque
1138 1781 1332 1861 praescripta
1365 1779 1500 1860 aliquem

356 1905 484 1950 sensum
513 1889 667 1968 suggerat
694 1886 784 1949 nobis
814 1885 1028 1968 intellegendi,
1063 1885 1197 1967 qualiter
1230 1905 1366 1968 sequens
1398 1905 1499 1950 return

356 1992 511 2057 ordinatio
530 1994 679 2056 euaserit.
703 1996 840 2075 possunt
860 1997 965 2055 autem
986 1991 1137 2073 discipuli
1160 1992 1329 2057 Marcionis
1353 2011 1499 2076 recogno·
1603 2029 1604 2034 κ

356 2104 482 2164 scentes
501 2099 674 2163 bonitatem
695 2098 744 2162 dei
764 2099 863 2163 nostri
884 2098 1011 2182 dignam
1031 2116 1156 2179 quoque
1176 2098 1234 2162 deo
1254 2117 1425 2181 agnoscere
1448 2117 1501 2180 per
1518 2121 1538 2158 c

357 2205 486 2270 eosdem
505 2205 629 2271 titulos,
654 2224 710 2287 per
729 2224 807 2286 quos
827 2204 989 2286 indignam
1010 2203 1210 2268 ostendimus
1226 2203 1259 2266 in
1284 2203 1342 2267 deo
1367 2203 1500 2268 illorum.
1603 2201 1604 2238 r

356 2314 420 2376 iam
447 2313 508 2376 boc
536 2312 651 2395 ipsum,
681 2311 766 2393 quod
790 2310 924 2374 materia
947 2314 999 2374 est
1021 2309 1190 2393 agnitionis
1217 2329 1303 2386 suae,
1335 2329 1396 2374 non
1421 2309 1500 2392 apud

357 2419 454 2483 alium
482 2418 614 2495 inuenit,
645 2418 699 2482 sed
729 2417 767 2480 de
796 2437 854 2482 suo
884 2417 946 2482 sibi
974 2417 1058 2480 fecit.
1095 2417 1196 2499 prima
1220 2417 1355 2499 denique
1379 2417 1501 2483 bouitas
1603 2419 1604 2458 ³

358 2527 521 2601 creatoris,
547 2545 609 2608 qua
628 2544 661 2588 se
686 2526 765 2589 deus
790 2525 894 2590 noluit
918 2526 949 2587 iu
973 2531 1136 2588 aeternum
1168 2523 1276 2599 latere,
1309 2523 1347 2588 ,id
1371 2529 1500 2588 estnon

356 2652 426 2698 esse
456 2632 586 2712 aliquid,
618 2632 669 2694 cui
698 2631 776 2696 deus
801 2634 1055 2714 cognosceretur.
1086 2629 1162 2711 quid
1190 2631 1271 2693 enim
1296 2635 1363 2693 tam
1387 2631 1538 2694 bonumec

356 2758 450 2819 quam
471 2737 586 2800 notitia
609 2741 641 2800 et
659 2738 782 2802 tructus
803 2737 875 2802 dei?
906 2757 977 2801 uam
1003 2736 1065 2800 etsi
1088 2735 1226 2800 nondum
1250 2735 1422 2818 apparebat
1444 2736 1500 2800 hoc
1603 2731 1604 2808 ξ

355 2847 471 2908 bonum
498 2863 578 2918 esse,
608 2845 682 2924 quia
705 2844 847 2908 nondum
872 2849 938 2907 erat
962 2843 1144 2925 quicquam,
1174 2842 1225 2906 cui
1250 2847 1424 2924 appareret,
1447 2841 1499 2906 aed

356 2951 434 3014 deus
455 2950 662 3032 praesciebat,
683 2951 758 3031 quid
778 2950 852 3015 boni
872 2951 1089 3033 appariturum
1109 2952 1206 3025 osset,
1226 2951 1258 3012 et
1275 2947 1346 3013 ideo
1367 2949 1396 3012 in
1413 2967 1498 3014 suam
1603 2931 1604 2968 ³

355 3075 514 3120 summam
543 3057 705 3120 commisit
732 3057 918 3132 bonitatem,
948 3055 1122 3139 apparituri
1150 3055 1223 3120 boni
1252 3054 1499 3138 negotiatricem,
1603 3063 1604 3080 ¹

355 3183 416 3226 non
446 3164 556 3243 utique
588 3163 794 3245 repentinam,
830 3182 884 3226 neo
915 3162 1115 3226 obuenticiae
1145 3157 1319 3248 [bonitatis]
1348 3180 1404 3226 nec
1432 3179 1536 3244 pro-re

355 3269 531 3334 rrooaticiae
567 3269 780 3345 animationis
814 3269 905 3350 quasi
934 3269 1043 3334 exinde
1077 3267 1277 3341 censendam,
1307 3287 1368 3350 quo
1397 3269 1499 3350 coepit
1603 3259 1604 3298 Ὗ

355 3376 487 3459 operari.
526 3376 553 3440 si
582 3375 665 3438 enim
693 3376 765 3458 ipsa
792 3377 963 3440 constituit
990 3376 1118 3440 initium
1147 3374 1268 3448 exinde,
1302 3393 1364 3457 quo
1398 3374 1498 3457 coepit

356 3483 488 3564 operari,
513 3502 573 3545 non
593 3483 703 3547 habuit
723 3483 850 3546 initium
870 3483 948 3565 ipsa,
974 3502 1046 3545 cunr
1067 3482 1152 3546 tecit.
1176 3482 1266 3546 initio
1286 3485 1393 3546 autern
1417 3481 1498 3544 tacto
1603 3551 1604 3570 ,

355 3590 392 3652 ab
419 3609 465 3666 ea,
489 3589 544 3670 <ab
569 3589 621 3670 ea>
645 3591 739 3653 etiarn
765 3591 844 3653 ratio
870 3595 1047 3672 temporum
1071 3593 1143 3652 nata
1167 3593 1226 3664 est,
1252 3591 1361 3670 utpote
1385 3587 1498 3668 quibus

444 3745 469 3814 a]
491 3745 524 3798 cr.
543 3744 589 3799 nt.
607 3747 651 3811 m,
671 3746 696 3798 o.

390 3869 578 3922 ‘delectionem
596 3869 889 3927 R³,leotione1nMR¹
926 3873 941 3922 b
956 3868 1100 3922 admodum
1113 3866 1252 3935 MRiGF,
1269 3866 1357 3922 adbuc
1370 3866 1410 3920 132
1446 3867 1498 3918 iet
1603 3925 1604 3932 χ

354 3959 453 4011 bonum
460 3958 529 4019 Mn,
540 3958 639 4011 bonnm
651 3959 722 4011 Pam
758 3961 776 4012 8
786 3958 958 4027 aprimordio
968 3959 1079 4011 seclusi:
1090 3974 1149 4011 mona
1158 3957 1331 4025 repetentibus
1340 3957 1499 4023 coniungere
1603 3937 1604 3956 ¹

353 4047 487 4100 ccultlun
527 4049 557 4099 17
577 4048 666 4116 ipsum
681 4046 728 4102 13³.
745 4048 803 4116 ipso
820 4047 892 4100 Mlt¹
930 4043 1498 4115 19idest-cognosceretnrfort.debor-

354 4134 419 4186 ctum
432 4137 479 4203 (cs.
496 4137 513 4188 I.
530 4138 582 4186 22:
597 4137 660 4202 quia
672 4134 792 4186 nondum
807 4139 865 4187 erat
880 4135 1032 4203 quicquam,
1048 4135 1090 4187 cui
1110 4137 1262 4202 appareret)
1316 4135 1350 4186 25
1370 4131 1499 4186 bonitatis
1603 4159 1604 4196 p

353 4223 606 4290 rectumff-²137,
629 4227 656 4281 6)
738 4225 772 4275 ’26
793 4210 924 4276 animatio
945 4248 978 4269 =
998 4221 1131 4292 προθυμία
1202 4223 1236 4274 27
1255 4223 1316 4292 ipsa
1334 4221 1376 4284 M,
1396 4223 1454 4291 ipso
1472 4220 1498 4272 It
1603 4249 1604 4272 i

354 4313 388 4364 29
408 4311 440 4364 ab
461 4329 499 4373 ea,
519 4312 571 4378 <ab
593 4314 645 4377 ea>
660 4312 769 4379 scripsi:
791 4313 825 4364 ab
846 4327 877 4364 ea
895 4311 956 4364 MR
