3250 4959
338 400 404 464 240
562 395 681 467 Quinti
700 395 842 466 Septimi
860 394 1032 449 Florentis
1051 394 1257 449 Tertulliani

338 611 412 656 cum
436 591 513 675 quid
537 592 616 657 citra
644 592 784 675 angelos.
815 592 861 657 sic
886 596 918 656 et
945 594 1035 674 pater
1063 591 1145 655 alius
1170 590 1287 667 ofilio,
1317 590 1391 654 dum
1420 589 1487 653 filio

338 698 450 774 maior,
473 697 549 762 dum
573 698 657 763 alius
680 698 735 781 qui
758 701 898 783 generat,
924 697 1006 762 alius
1027 698 1081 781 qui
1100 704 1278 782 generatur,
1303 698 1379 761 dum
1403 696 1487 759 alius

338 805 394 887 qui
417 804 528 880 mittit,
552 803 634 869 alius
657 804 713 885 qui
735 804 886 881 mittitur,
916 804 992 869 dum
1021 802 1103 870 alius
1127 806 1182 887 qui
1204 804 1292 882 facit,
1321 804 1403 868 alius
1430 822 1489 883 per

338 930 433 993 quem
456 910 501 975 iit.
523 910 613 984 bene,
644 910 729 992 quod
752 913 785 974 et
807 910 954 975 dominus
984 930 1062 975 usus
1089 912 1150 976 hoc
1178 910 1274 975 uerbo
1297 910 1330 974 in
1353 928 1488 992 persona

339 1018 491 1101 paracleti
505 1036 566 1081 non
581 1016 770 1081 diuisionem
785 1016 989 1100 significauit,
1005 1018 1061 1081 sed
1077 1017 1332 1099 dispositionem:
1347 1016 1486 1100 rogabo
1516 1038 1526 1077 ε

339 1125 434 1201 enim,
457 1124 572 1206 inquit,
596 1127 750 1207 patrem,
775 1130 812 1188 et
832 1123 946 1188 alium
970 1124 1197 1189 aduocatum
1217 1124 1346 1205 mittet
1363 1123 1486 1187 uobis.

339 1231 519 1312 spiritum
543 1230 735 1307 ueritatis
760 1230 806 1294 sio
836 1231 934 1294 alium
959 1250 977 1294 a
1000 1251 1035 1296 se
1055 1255 1077 1300 a
1092 1233 1298 1313 paracletum,
1329 1228 1487 1312 quomodo

339 1346 373 1402 et
399 1356 456 1402 nos
485 1356 504 1401 a
531 1339 619 1418 patre
650 1337 748 1400 alium
776 1335 889 1413 filium,
918 1341 956 1401 ut
982 1338 1113 1401 tertium
1142 1335 1275 1420 gradum
1308 1334 1486 1400 ostenderet

338 1447 370 1510 in
394 1444 566 1527 paracleto,
589 1444 674 1508 sicut
696 1462 753 1507 nos
778 1443 954 1508 secundum
982 1445 1014 1509 in
1045 1444 1110 1507 filio
1140 1450 1268 1527 propter·
1292 1442 1486 1508 oikonomiae

340 1550 604 1616 obseruationem.
636 1550 754 1633 ipsum,
788 1550 873 1632 quod
900 1554 990 1633 pater
1017 1554 1052 1615 et
1081 1550 1166 1614 filius
1195 1549 1352 1625 dicuntur,
1384 1567 1486 1612 nonne
1504 1573 1524 1606 n

340 1658 423 1723 alins
451 1657 489 1721 ab
519 1658 581 1722 alio
609 1657 724 1740 (alius)
747 1661 817 1722 est?
842 1658 953 1739 utique
978 1658 1061 1721 enim
1086 1656 1192 1722 omnia
1214 1655 1300 1738 quod
1323 1659 1486 1725 uocantur,

340 1765 401 1828 hoc
426 1768 526 1840 erunt,
556 1767 587 1827 et
611 1764 695 1845 quod
723 1767 825 1841 erunt,
854 1765 914 1828 hoc
942 1763 1152 1841 amabuntur,
1181 1766 1213 1828 et
1240 1764 1429 1845 permiscere
1453 1780 1486 1823 se

341 1871 512 1935 diuersitas
540 1871 770 1935 uocabulomm
798 1888 859 1934 non
888 1874 995 1953 potest
1023 1871 1160 1947 omnino,
1190 1870 1264 1951 qnia
1291 1887 1349 1933 nec
1372 1888 1485 1933 rerum.

341 1998 475 2059 quarum
508 1982 601 2042 erunt
633 1977 801 2043 uocabula.
836 1982 902 2057 est,
935 1982 1003 2055 est,
1037 1997 1115 2054 non,
1153 1996 1237 2053 non;
1277 1996 1357 2040 nam
1390 1974 1486 2058 quod

341 2085 507 2168 amplius
531 2089 599 2161 ost,
622 2084 691 2149 hoc
716 2105 734 2148 a
756 2085 854 2148 malo
879 2088 947 2149 est.
1500 2102 1521 2140 n

389 2194 438 2257 lo.
461 2193 512 2256 Ita
533 2196 571 2255 ut
592 2196 692 2273 pater,
717 2196 750 2256 et
771 2192 857 2255 filius
883 2197 942 2271 est,
967 2196 1000 2255 ct
1018 2192 1086 2274 (ut)
1105 2210 1207 2273 neque
1227 2189 1296 2255 dies
1320 2189 1429 2253 ecdem
1455 2200 1484 2251 et

341 2318 410 2373 nor,
434 2317 536 2380 neque
559 2301 649 2381 pater
666 2298 751 2361 idem
776 2303 808 2362 et
827 2298 923 2377 filius,
947 2301 985 2361 nt
1004 2298 1068 2362 sint
1092 2298 1184 2363 ambo
1203 2316 1286 2362 unus
1312 2302 1344 2362 at
1367 2300 1485 2360 utrum·

342 2424 402 2487 qne
431 2405 519 2483 alter,
548 2404 633 2487 quod
659 2405 828 2469 uanissimi
856 2406 911 2469 isti
938 2404 1156 2470 Monarchiani
1179 2406 1304 2470 uolunt.
1329 2405 1407 2485 ‘ipse
1432 2412 1485 2469 se'.

339 2511 499 2594 inquiunt,
523 2510 635 2576 ‘filium
659 2512 720 2575 sibi
739 2512 836 2576 fecit’.
861 2512 970 2593 atquin
989 2515 1080 2594 pater
1098 2512 1200 2576 filiurn
1219 2511 1297 2576 facit
1316 2516 1349 2575 et
1366 2514 1485 2593 patrem

341 2619 438 2696 iilius,
468 2626 499 2683 et
527 2619 581 2699 qui
609 2638 646 2683 er
674 2618 826 2683 alterutro
850 2618 940 2695 fiunt,
969 2637 987 2681 a
1011 2618 1191 2702 semetipsis
1220 2618 1281 2683 sibi
1304 2617 1373 2682 fieri
1400 2618 1521 2679 nullon

340 2725 435 2791 modo
459 2729 605 2808 possunt,
628 2729 667 2789 ut
689 2728 778 2805 pater
802 2743 836 2789 so
860 2726 921 2789 sibi
951 2724 1054 2789 filium
1081 2725 1178 2789 faciat
1205 2724 1239 2789 et'
1259 2724 1344 2789 filius
1370 2724 1486 2788 scribi

340 2837 463 2914 patrem
495 2835 644 2915 praestet.
684 2851 764 2913 quae
800 2831 942 2896 instituit
979 2832 1066 2912 deus,
1103 2833 1199 2896 etiam
1234 2830 1304 2914 ipse
1337 2830 1485 2895 custodit.

341 2939 457 3003 habeat
479 2956 609 3002 necesse
629 2942 679 3003 est
697 2942 787 3020 pater·
809 2938 922 3017 filium,
946 2944 983 3002 ut
1006 2942 1095 3021 pater
1119 2939 1172 3015 sit,
1196 2940 1228 3003 et
1251 2938 1336 3002 filius
1355 2944 1485 3021 patrem

342 3048 379 3107 ut
400 3044 487 3107 filius
512 3045 564 3110 sit.
589 3044 676 3108 aliud
696 3049 747 3109 est
769 3050 876 3109 autem
901 3044 1026 3122 habere,
1051 3044 1237 3109 aliudesse.
1262 3045 1353 3110 uerbi
1376 3044 1486 3129 gratia.

340 3156 378 3215 ut
399 3151 533 3215 maritus
557 3150 628 3229 sim,
657 3151 789 3217 habeam
820 3154 946 3233 oportet
972 3171 1110 3226 uxorem,
1141 3170 1202 3215 non
1230 3152 1299 3232 ipse
1327 3151 1406 3215 mihi
1434 3169 1484 3214 ero
1502 3164 1523 3202 ²³

341 3277 428 3323 uror.
453 3257 499 3321 sio
523 3258 631 3332 etiam,
660 3262 699 3322 ut
724 3262 814 3341 pater
838 3259 909 3335 sim,
939 3256 1040 3323 filium
1065 3258 1198 3331 habebo,
1226 3278 1288 3322 non
1312 3257 1381 3341 ipsc
1409 3258 1485 3321 mihi

341 3385 393 3431 ero
418 3364 515 3442 filine,
540 3368 572 3429 et
591 3368 628 3428 ut
650 3365 737 3429 filius
762 3366 833 3443 sim,
859 3370 980 3448 patrem
1000 3365 1133 3443 habebo,
1158 3384 1219 3429 non
1239 3365 1308 3448 ipse
1332 3364 1411 3429 mihi
1435 3384 1484 3427 ero

430 3646 458 3713 s]
477 3644 534 3697 ron.
557 3644 597 3711 14,
620 3644 660 3696 rc.
717 3644 762 3713 14]
781 3644 880 3699 rrattn.
901 3647 925 3711 s,
946 3646 988 3697 sn.

376 3840 391 3891 7
407 3839 539 3891 laminam
551 3838 679 3905 cipriani:
691 3837 878 3891 demonstrans
893 3838 938 3892 ael
953 3839 1009 3893 tale
1023 3839 1138 3907 aliquod
1152 3840 1333 3908 participatior
1349 3837 1485 3892 intercidit

339 3930 356 3981 9
372 3926 541 3979 oiironomiae
552 3926 646 3991 PMF,
657 3924 805 3995 οἰκονομίας
821 3928 904 3995 culpo
953 3928 985 3981 10
999 3928 1087 3996 ipsum
1097 3928 1160 3993 FB,
1174 3926 1253 3995 ipsud
1264 3926 1326 3980 PM
1372 3929 1403 3980 ll
1420 3926 1485 3979 alins

338 4016 449 4082 ⁴scripsi:
470 4014 545 4067 alind
563 4014 654 4067 PMF
723 4014 792 4067 alius
813 4014 913 4067 addidi
969 4016 1000 4067 12
1021 4016 1180 4082 permiscere
1199 4032 1228 4067 se
1246 4014 1314 4079 PM,
1334 4014 1485 4085 permisceri

340 4104 370 4157 F
410 4105 442 4156 16
456 4107 487 4156 nt
499 4107 585 4172 pater,
601 4109 628 4155 et
640 4104 752 4171 scripsi:
768 4109 815 4156 aut
831 4112 907 4171 pater
922 4104 1070 4157 cuthIF
1130 4103 1312 4174 stoddEcp
1357 4106 1389 4158 21
1402 4104 1485 4159 filiurn

341 4191 428 4243 -sibi
446 4207 498 4245 om.
518 4191 544 4243 P
562 4190 639 4250 (odd.
658 4190 686 4245 R
704 4193 734 4242 ior
753 4208 803 4257 mit.
825 4208 857 4244 ex
875 4190 1082 4261 Hircoupiensi)
1145 4192 1178 4245 26
1197 4191 1302 4246 habebo
1321 4194 1420 4261 soriprsn'
1439 4193 1486 4257 iric

338 4286 365 4333 et
383 4280 463 4346 infra
481 4278 497 4333 t.
518 4279 576 4341 Qij:
595 4277 681 4331 habco
701 4279 791 4332 PrrF
