3250 4959
308 364 349 428 88
531 360 646 426 Quinti
667 362 807 431 Septimi
828 361 1000 416 Florentio
1020 362 1225 416 Tertulliani

307 554 416 620 dentes
436 556 633 639 incorruptos
650 576 831 638 perennare,
852 576 932 639 quae
948 561 983 620 ut
1003 558 1124 620 semina
1138 559 1313 622 retinentur
1327 559 1452 624 frutica-

306 663 370 725 turi
394 663 533 743 corporis
561 663 592 725 in
621 664 858 727 resurrectione.
886 667 1046 744 postremo
1075 665 1137 728 etsi
1159 668 1236 729 tunc
1265 665 1449 730 deuoratum

307 767 485 832 inuenietur
503 770 637 833 mortale
656 770 687 832 in
709 769 856 834 omuibus
876 771 1022 849 mortuis,
1039 777 1123 835 certe
1142 791 1159 834 a
1177 776 1289 848 morte,
1309 776 1393 836 certe
1412 773 1451 836 ab

307 892 394 952 acue,
411 878 494 939 certe
508 894 565 958 per
579 878 725 954 aetatem,
747 876 902 958 numquid
922 895 940 940 a
958 877 1036 955 uita,
1057 877 1212 960 numquid
1230 897 1247 941 a
1266 879 1452 960 superindu-

307 983 422 1056 mento,
444 982 597 1064 numquid
614 981 651 1045 ab
668 983 907 1047 inmortalitatis
923 983 1074 1066 ingestu?
1097 1001 1188 1065 porro
1209 985 1262 1066 qui
1282 985 1321 1048 ab
1340 985 1390 1048 his
1409 986 1454 1048 ait
1486 1012 1500 1046 a

307 1089 499 1154 deuoratuiri
524 1093 668 1160 mortale,
693 1092 731 1155 ab
758 1091 829 1155 aliis
858 1092 998 1174 negauit.
1032 1095 1063 1154 et
1095 1091 1207 1173 utique
1234 1092 1295 1156 hnc
1327 1111 1346 1155 a
1373 1092 1453 1155 diui-

307 1199 355 1259 nis
392 1197 525 1272 uiribus,
563 1217 623 1262 non
658 1218 676 1261 a
707 1197 907 1262 naturalibus
940 1198 1066 1280 legibus
1099 1196 1207 1280 perfici
1239 1199 1453 1280 praestarique

308 1303 483 1368 conueniet.
516 1325 589 1388 ergo
625 1325 696 1368 cum
731 1327 749 1368 a
781 1305 849 1369 uita
881 1305 996 1368 habeat
1027 1305 1171 1370 deuorari
1204 1304 1289 1386 quod
1321 1305 1453 1369 mortale

308 1415 366 1484 est,
403 1410 436 1476 id
473 1411 612 1476 exhiberi
646 1412 843 1477 omnifariam
882 1429 1012 1476 necesse
1045 1416 1104 1485 est,
1142 1414 1180 1476 ut
1211 1411 1389 1489 deuoretur,
1422 1418 1454 1474 et-

308 1517 461 1592 deuorari,
486 1523 523 1582 ut
546 1519 737 1582 demutetur.
764 1518 791 1582 si
814 1519 921 1601 ignem
946 1518 1033 1582 dicas
1057 1519 1186 1583 accendi
1214 1524 1368 1600 oportere,
1392 1537 1451 1581 nou
1475 1544 1502 1582 ιο
1609 1520 1610 1571 1

307 1628 397 1705 potes
429 1625 472 1702 id,
506 1645 559 1708 per
593 1626 677 1706 quod
710 1626 902 1700 accenditur,
935 1625 1011 1690 alibi
1043 1626 1257 1690 necessarium
1290 1625 1452 1689 adfirmare

307 1731 383 1794 alibi
411 1751 479 1798 non.
504 1733 549 1795 sic
579 1736 611 1795 et
639 1751 711 1796 cum
738 1732 882 1796 infulcit:
912 1731 1098 1813 siquidem
1127 1732 1230 1796 eruti
1257 1751 1327 1796 non
1355 1732 1452 1795 inue-

305 1838 450 1903 niemur
477 1839 576 1917 nudi,
607 1839 643 1902 de
673 1839 718 1902 eis
748 1838 882 1912 scilicet,
908 1839 962 1920 qui
987 1858 1046 1902 non
1070 1842 1102 1901 in
1126 1839 1195 1902 uita
1222 1856 1279 1902 nec
1307 1840 1453 1902 incarne

307 1944 579 2028 deprehendentur
607 1964 625 2008 a
653 1944 704 2009 die
733 1945 862 2023 domini,
891 1964 951 2010 non
980 1945 1059 2009 alias
1086 1946 1217 2028 negauit
1244 1945 1346 2011 nudos
1374 1964 1453 2027 quos
1609 1920 1610 2003 l

306 2053 459 2136 praedixit
479 2058 598 2128 exutos,
625 2052 686 2116 nisi
710 2053 785 2135 quia
804 2056 837 2117 et
854 2053 1026 2118 rcuestitos
1046 2041 1318 2137 uoluit'inrellegi
1342 2053 1452 2117 eadem
1473 2079 1500 2117 ιε

307 2158 494 2234 substantia,
528 2149 590 2240 qua
621 2158 747 2222 fuerant
783 2157 921 2240 spoliati.
958 2161 995 2222 ut
1026 2158 1102 2223 nudi
1134 2159 1217 2222 enim
1249 2158 1450 2223 inuenientur

307 2283 396 2327 carne
425 2264 567 2345 deposita
597 2264 649 2328 uel
677 2283 712 2328 ex
736 2265 990 2347 partediscissa
1016 2265 1085 2330 sius
1114 2265 1238 2342 detrita,
1267 2303 1310 2312 -
1334 2269 1366 2329 et
1389 2267 1449 2330 hoc

306 2370 388 2433 euim
413 2370 541 2435 nuditas
565 2374 672 2452 potest
701 2371 762 2436 dici
787 2409 830 2418 —
855 2371 967 2436 dehinc
994 2372 1147 2454 recipient
1174 2391 1255 2451 eam,
1283 2377 1321 2436 ut
1348 2373 1449 2436 redin-

306 2476 376 2539 duti
408 2496 532 2540 carnem
561 2477 628 2542 fieri
655 2479 779 2559 possint
812 2478 908 2542 etiam
943 2478 1142 2560 superinduti
1177 2479 1448 2543 inmortalitatem.

304 2583 488 2665 superindui
512 2584 593 2648 enim
618 2584 679 2647 nisi
703 2585 822 2648 uestitu
846 2585 908 2646 iam
934 2584 1101 2650 conuenire
1125 2604 1187 2648 nou
1210 2585 1336 2665 poterit.
1467 2609 1495 2651 ao

349 2691 402 2753 43.
428 2690 562 2754 Proinde
583 2710 654 2755 curu
677 2691 766 2754 dicit:
792 2691 920 2771 itaque
945 2691 1084 2755 confisi
1108 2710 1254 2774 semper
1278 2695 1314 2755 et
1332 2691 1450 2756 scien·

305 2799 364 2859 tes
389 2797 497 2878 quod.
523 2817 604 2861 cunr
629 2798 855 2861 inmoremur
877 2798 913 2860 in
938 2816 1102 2880 corpore,
1126 2798 1409 2881 peregrinemur
1432 2816 1451 2860 a

306 2901 463 2982 domino,
492 2924 558 2985 per
581 2904 695 2968 fidem
720 2904 816 2968 enim
840 2904 1062 2981 incedimus,
1091 2924 1159 2968 non
1183 2924 1247 2986 per
1274 2905 1449 2986 speciem,

304 3009 507 3074 manifestum
537 3016 587 3075 est
615 3013 674 3076 hcc
704 3030 829 3093 qnoque
858 3030 917 3075 nou
950 3010 1105 3093 pertinere
1138 3010 1178 3074 ad
1210 3010 1450 3075 offuscationem

305 3117 407 3180 carnis
432 3117 523 3198 quasi
548 3118 722 3202 separantis
747 3137 803 3182 nos
828 3137 846 3181 a
870 3117 1007 3181 domino.
1032 3119 1139 3182 ethic
1168 3118 1252 3181 enim
1275 3117 1450 3182 exhortatio
1470 3142 1497 3184 aa

304 3223 513 3288 fastidiendae
537 3226 623 3288 uitae
651 3226 747 3290 huius
776 3225 965 3301 obuertitur,
993 3225 1151 3306 siquidem
1178 3225 1452 3308 peregrinamura

305 3329 430 3395 domino
456 3331 607 3414 quamdiu
632 3332 786 3408 uiuimus,
811 3351 866 3415 per
889 3331 983 3395 fidem
1006 3331 1200 3409 incedentes,
1224 3350 1285 3396 non
1309 3350 1365 3414 per
1382 3347 1451 3410 spe-

393 3519 421 3587 a]
442 3519 474 3572 cr.
493 3517 521 3572 11
541 3519 600 3572 cor.
621 3521 645 3576 a.
665 3521 690 3572 4.
748 3520 790 3587 ra]
811 3518 839 3571 11
857 3517 917 3572 car.
937 3520 963 3581 a,
983 3521 1008 3574 a.
1063 3521 1109 3588 ar]
1130 3521 1158 3574 11
1176 3520 1236 3576 cor.
1255 3522 1281 3586 5,
1300 3521 1380 3575 c-a.

341 3642 355 3695 1
375 3643 530 3697 fruticaturi
549 3644 620 3698 Iseo:
638 3643 807 3698 fructicaturi
826 3644 860 3712 F,
881 3645 1071 3698 fructificaturi
1089 3645 1151 3698 PM
1210 3647 1226 3698 5
1247 3646 1293 3715 qni
1312 3645 1345 3699 ab
1365 3646 1407 3699 his
1425 3645 1456 3698 F

308 3731 366 3793 θεῖ,
387 3733 450 3801 quia
468 3733 510 3786 his
524 3733 584 3786 PM
649 3735 665 3786 6
686 3733 852 3787 deuoratuiri
870 3735 970 3802 compsi
990 3736 1035 3803 fef.
1052 3753 1081 3802 ρ.
1103 3738 1146 3803 ff,
1164 3738 1208 3801 3).·
1227 3735 1341 3790 denerat
1353 3735 1405 3788 uiri
1419 3734 1453 3800 P,

305 3819 479 3874 deuoratum·
497 3823 529 3874 iri
550 3823 591 3888 M,
612 3821 725 3876 deuoret
744 3839 798 3876 non
818 3824 852 3875 iri
869 3823 900 3876 F
957 3824 1062 3876 1211011
1082 3825 1251 3877 iuueniemur
1273 3824 1338 3877 nudi
1356 3823 1451 3885 PMF,

304 3924 358 3960 uon
372 3908 438 3961 nudi
453 3911 658 3964 inueniamurC
712 3913 745 3964 15
760 3916 788 3964 et
802 3912 948 3963 reuertitos
966 3912 994 3979 0,
1009 3911 1257 3965 reuestitosPMF
1309 3912 1343 3965 18
1357 3910 1454 3964 dehinc

304 3996 400 4062 PMF,
429 4002 458 4051 et
485 3999 580 4051 dehinc
612 3999 635 4052 C
697 4002 730 4053 19
759 4015 865 4052 carnem
896 3999 960 4052 Gel:
986 4016 1065 4053 earne
1093 4000 1184 4053 PMF
1235 4000 1271 4052 20
1299 4004 1392 4068 potest
1413 3997 1454 4052 Β*

305 4086 338 4138 22
363 4089 525 4140 inmoremur
547 4089 643 4154 PMF,
663 4091 836 4141 immoramur
861 4089 884 4142 0
954 4089 1156 4157 peregrinemur
1178 4086 1274 4152 PMF,
1297 4089 1452 4157 peregrina·

304 4195 364 4230 mur
385 4176 408 4230 (J
461 4179 495 4233 25
513 4183 551 4240 ,et
570 4178 614 4232 hic
634 4178 704 4231 euim
726 4176 877 4230 exhortatio
897 4176 1081 4230 fastidiendae
1100 4178 1176 4230 uitae
1194 4176 1273 4230 huius
1292 4176 1453 4244 obuertitur,

305 4265 438 4333 siquidem
458 4267 659 4336 peregrinamur
677 4281 692 4318 a
713 4265 831 4327 domino,
849 4265 977 4333 quamdiu
997 4264 1032 4333 B,
1052 4263 1181 4334 quamdiu
1200 4263 1292 4317 PMF
