3250 4959
301 402 366 464 296
527 397 644 463 Quinti
665 396 806 466 Septimi
824 395 996 449 Florentio
1016 395 1222 449 Tertulliani

301 592 363 656 duo
392 591 436 655 dii
464 591 668 656 conferuntur
700 593 737 654 ut
764 590 826 654 duo
861 588 965 676 [reges
994 592 1026 654 et
1053 586 1127 676 duo]
1164 608 1289 654 summa
1321 609 1437 674 magna,

300 699 333 762 in
357 699 492 762 alterum
516 696 669 761 concedat
686 715 816 761 necesse
836 701 885 760 eat
903 697 978 761 unio
1003 697 1120 761 summi
1139 697 1248 780 magni
1267 715 1303 760 er
1323 700 1439 761 senten·

300 806 347 868 tia
365 804 618 888 comparationis,
640 803 714 886 quia
733 823 893 868 summum
914 803 1048 868 uictoria
1067 822 1125 868 sua
1144 805 1277 881 constat,
1298 807 1439 886 superato

301 912 426 976 aemulo
454 911 517 974 alio
545 929 671 994 magno,
699 911 893 974 nontamen
923 929 1058 988 summo,
1088 914 1183 991 atque
1205 928 1247 974 er
1271 909 1440 975 defectione

302 1018 419 1083 aemuli
437 1017 643 1082 solitudinem
662 1017 818 1099 quandam
839 1017 877 1082 de
898 1017 1116 1102 singularitate
1135 1017 1347 1099 praestantiae
1371 1035 1440 1080 snae
1467 1038 1481 1076 s

301 1126 469 1206 possidens
502 1125 629 1189 unicum
664 1128 723 1188 est.
756 1123 971 1188 ineluetabilis
1008 1123 1071 1187 iste
1104 1123 1287 1206 complexus
1325 1124 1356 1187 in
1387 1123 1441 1186 hoe

301 1231 488 1297 seutentiam
520 1230 723 1314 constringit:
752 1235 809 1294 aut
842 1231 1021 1314 negandum
1054 1229 1148 1294 deum
1181 1249 1252 1294 esse
1285 1249 1441 1295 summurn

301 1359 462 1422 magnum,
495 1337 579 1421 quod
611 1357 703 1402 nemo
732 1337 873 1420 patietur
905 1337 1041 1418 sapiens,
1076 1340 1131 1401 aut
1162 1335 1243 1400 nulli
1276 1337 1332 1400 alii
1366 1354 1443 1401 com·

302 1445 537 1510 municandum.

346 1552 376 1615 5.
403 1550 469 1616 Aut
495 1569 577 1634 quae
604 1551 683 1615 ratio
713 1550 775 1614 duo
808 1569 933 1615 sumina
965 1568 1079 1634 magna
1111 1550 1313 1632 composuit?
1346 1550 1480 1632 primos

302 1658 385 1722 enim
413 1657 546 1742 exigam,
580 1675 636 1721 our
662 1676 723 1721 non
751 1657 853 1739 plura,
883 1657 911 1721 si
939 1655 1012 1735 duo,
1047 1656 1170 1738 quando
1204 1655 1442 1739 locupletiorem

302 1766 460 1846 oporteret
479 1763 563 1828 credi
583 1764 794 1828 substantiam
814 1762 1002 1839 diuinitatis,
1028 1762 1055 1825 si
1081 1764 1275 1845 competeret
1294 1762 1324 1827 ei
1342 1781 1444 1826 nurne-

300 1891 367 1936 rus.
399 1871 562 1936 honestior
585 1877 617 1935 et
643 1870 805 1934 liberalior
827 1869 1025 1947 Valentinus,
1056 1870 1109 1952 qui
1143 1869 1238 1934 simul
1269 1889 1368 1934 ausus
1401 1871 1445 1932 est

302 1978 382 2042 duos
407 1979 579 2059 concipere,
603 1977 729 2059 Bython
755 1978 787 2040 et
805 1976 913 2060 Sigen,
937 1979 1007 2040 tum
1030 1995 1134 2059 usque
1158 1976 1197 2040 ad
1222 1976 1355 2060 triginta
1372 1974 1445 2039 Aeo·

300 2104 376 2148 num
415 2084 512 2158 fetus,
555 2089 719 2166 tamquam
756 2084 893 2148 Aeneiae
931 2083 1062 2160 scrofae,
1105 2102 1233 2148 eramen
1271 2082 1444 2147 diuinitatis
1460 2101 1482 2141 n

300 2190 424 2255 effudit.
457 2209 676 2272 quaecumque
707 2190 788 2253 ratio
822 2190 915 2271 plura
947 2209 1071 2254 summa
1100 2209 1303 2274 magnanon
1332 2191 1446 2273 patitur

303 2295 440 2374 admitti,
466 2296 576 2361 eadem
598 2316 655 2361 nec
679 2297 752 2374 duo,
776 2301 814 2360 ut
832 2297 895 2379 (et)
917 2297 988 2378 ipsa
1011 2297 1110 2378 plura.
1137 2293 1222 2383 [post
1245 2293 1355 2383 unum]
1379 2304 1446 2378 post

303 2423 401 2467 unum
438 2404 521 2467 enim
559 2423 720 2467 numerus.
764 2422 844 2484 quae
881 2404 987 2486 potuit
1024 2403 1086 2468 duo
1124 2403 1302 2480 admittere,
1341 2401 1444 2467 cadem

301 2510 408 2592 potuit
431 2515 464 2574 et
486 2509 586 2590 plura.
616 2515 648 2574 et
671 2509 732 2574 duo
762 2510 845 2574 enim
871 2509 1055 2586 multitudo,
1085 2510 1200 2574 unione
1227 2509 1291 2574 iam
1314 2525 1444 2572 excessa

303 2616 438 2698 denique
462 2615 546 2697 apud
568 2635 625 2680 nos
649 2616 699 2680 uis
723 2616 855 2680 rationis
878 2616 974 2680 istius
994 2616 1064 2698 ipso
1088 2616 1222 2680 termino
1241 2615 1350 2697 plures
1374 2613 1445 2677 deos
1460 2631 1483 2670 ιι
1599 2641 1600 2690 ,

303 2721 387 2787 credi
410 2741 471 2787 non
497 2723 585 2800 sinit,
610 2742 672 2804 quo
693 2741 750 2786 nec
774 2715 855 2787 duos
879 2723 935 2786 illa
956 2723 1069 2806 regula
1087 2742 1186 2787 unum
1206 2723 1300 2787 doum
1321 2722 1445 2794 sistens,

303 2846 365 2911 qua
389 2828 483 2893 deum
505 2828 540 2893 id
563 2847 633 2893 esse
658 2832 812 2911 oporteat,
843 2829 895 2892 cui
923 2828 1002 2893 nihil
1032 2829 1236 2910 adaequetur,
1264 2832 1302 2892 ut
1325 2845 1445 2892 summo

303 2954 428 3018 magno,
461 2936 590 2999 unicum
624 2939 730 2998 autem
764 2936 816 3009 sit,
842 2937 892 3000 cui
922 2935 1000 2999 nihil
1033 2935 1236 3017 adaequetur.
1268 2935 1333 2998 iam
1366 2952 1445 2998 nunc

302 3043 364 3106 duo
390 3060 516 3106 summa
537 3060 663 3126 magua,
689 3041 750 3106 duo
774 3043 871 3123 paria,
903 3042 953 3105 cui
978 3061 1089 3125 operae
1113 3043 1225 3124 pretio,
1255 3042 1307 3106 cui
1331 3041 1446 3106 emolu·
1599 3105 1600 3120 ,

302 3152 407 3213 mento
437 3148 686 3230 deputarentur?
720 3149 796 3231 quid
823 3149 967 3213 interfuit
995 3149 1127 3226 numeri,
1161 3168 1234 3214 cum
1267 3148 1330 3213 duo
1364 3148 1446 3230 paria
1461 3165 1485 3204 n
1599 3135 1600 3194 ἒ

302 3274 363 3319 ιιοιι
387 3254 534 3318 differant
556 3259 639 3319 uno?
663 3274 726 3318 una
748 3256 830 3318 enim
855 3273 905 3319 res
934 3259 993 3330 est,
1024 3273 1104 3337 quae
1132 3255 1241 3319 eadem
1268 3254 1299 3318 in
1324 3253 1446 3320 duobus
1599 3255 1600 3266 ¹

302 3365 360 3426 est.
395 3362 520 3425 etiamsi
553 3362 644 3442 plura
672 3364 779 3425 essent
802 3362 899 3442 paria,
924 3362 1108 3426 tantundem
1134 3362 1239 3425 omnia
1263 3361 1447 3444 (quantum)

302 3487 401 3532 unum
429 3467 575 3543 luissent,
604 3467 690 3531 nullo
719 3467 801 3532 inter
829 3487 863 3532 se
893 3467 1073 3544 differendo,
1103 3487 1165 3549 qua
1187 3467 1282 3549 paria
1310 3486 1401 3549 porro
1420 3467 1446 3530 si

393 3591 438 3658 15]
459 3590 493 3645 cl.
512 3588 593 3657 Verg.
611 3588 679 3642 Aen.
698 3589 765 3642 VIII
782 3590 817 3643 43
837 3606 896 3658 sqq.

338 3680 443 3747 2reges
458 3683 487 3732 et
500 3678 553 3731 duo
567 3679 666 3732 seclusi
715 3680 731 3732 3
747 3678 913 3741 uictoriaM,
930 3696 960 3732 er
974 3678 1126 3733 uictoriaR
1176 3681 1210 3734 13
1220 3679 1355 3746 simul(=
1365 3679 1445 3733 simu·

303 3769 357 3832 lac)
375 3768 446 3835 MR,
461 3769 562 3835 <cum>
579 3769 663 3821 semel
680 3783 737 3820 von
751 3768 799 3821 der
819 3767 891 3821 Vliet
946 3769 979 3821 14
997 3767 1106 3836 Bython
1121 3767 1188 3837 Rip:
1206 3767 1324 3837 Bythum
1339 3767 1446 3828 maur,

302 3857 433 3921 Bythium
451 3855 491 3910 11ι
563 3857 655 3925 Sigen,
674 3862 733 3910 tum
751 3858 865 3924 scripsi:
886 3857 1031 3924 Sigeneunr
1050 3855 1133 3926 MR¹,
1153 3857 1235 3927 Sigen
1255 3873 1315 3910 cnm
1329 3857 1447 3924 Raetico

305 3948 337 4000 15
361 3947 480 4001 Aeneiae
502 3946 573 4014 Rip.-
594 3945 823 4016 aeoneiaeMR1,
848 3947 959 3999 neoniae
978 3946 1019 4000 12³
1087 3948 1116 4001 17
1139 3951 1166 4001 et
1183 3947 1244 4017 ipsa
1260 3949 1370 4014 scripsi:
1391 3949 1448 4016 ipsa

302 4035 366 4090 MR
437 4040 500 4105 post
521 4053 602 4089 unum
625 4037 725 4090 seclusi
780 4038 812 4089 19
837 4041 864 4088 et
888 4035 940 4090 duo
963 4036 1071 4104 scripsi:
1093 4040 1157 4107 poet
1184 4037 1237 4089 duo
1256 4035 1339 4105 MR&
1358 4040 1448 4105 potest

303 4123 357 4177 duo
376 4123 416 4178 R¹
488 4141 597 4177 excessa
614 4124 650 4189 R,
669 4141 778 4178 excessu
791 4125 829 4177 Μ
846 4129 926 4189 (corr.
945 4128 1020 4191 Μ)
1075 4124 1106 4177 21
1128 4141 1181 4193 qno
1201 4125 1284 4179 Seni:
1302 4125 1375 4195 quod
1387 4123 1447 4178 MR

304 4213 338 4265 22
352 4211 900 4283 ntsummo-adaequeturcm.h1(cdd.
915 4214 946 4267 in
960 4231 1010 4283 asp.
1020 4229 1055 4267 m.
1065 4217 1095 4280 2)
1147 4215 1180 4268 27
1195 4218 1325 4284 quantum
1341 4211 1446 4276 addidi,

302 4302 351 4356 aed
367 4304 459 4356 nmcio
478 4320 517 4355 aa
535 4304 632 4357 melius
649 4303 811 4357 secludatur
830 4319 912 4357 unum
