3250 4959
312 419 377 482 322
540 414 658 482 Quinti
677 416 819 488 Septimi
838 416 1009 472 Florentio
1027 417 1235 474 Tertulliani

310 611 360 676 illi
383 611 500 695 gradus
523 613 644 678 ratione
667 613 924 692 constabitalio
948 614 1041 681 modo
1066 615 1260 682 destructus.
1280 619 1356 681 tunc
1376 617 1457 682 eninr

309 717 473 782 rationalis
490 718 661 783 habebitur
679 719 731 784 uel
754 720 894 785 secunda
915 721 947 785 in
973 724 1154 786 extraneum
1178 722 1313 800 bonitas,
1338 723 1367 787 si
1384 723 1457 788 sine

310 823 426 888 inlude
452 824 523 889 eius
550 829 705 906 operetur,
738 827 831 890 cuius
853 829 910 891 ‘est
935 846 993 893 res.
1026 847 1260 912 quamcumque
1282 828 1457 894 bonitatem

310 929 436 995 iustitia
452 931 554 1012 prima
574 930 672 996 efficit
689 932 887 1000 rationalem.
913 934 998 999 sieut
1014 933 1046 998 in
1066 934 1230 1018 principali
1249 935 1360 1019 gradu,
1384 953 1456 1000 curn

309 1038 341 1101 in
364 1056 430 1102 rem
455 1056 545 1102 suam
569 1038 745 1116 exhibetur,
770 1040 932 1105 rationalis
961 1041 1022 1104 erit
1050 1041 1078 1105 si
1107 1041 1195 1105 iusta
1217 1041 1269 1118 sit,
1300 1041 1347 1106 sic
1371 1043 1456 1108 etin
1487 1065 1500 1104 s

310 1147 492 1210 extraneum
510 1144 674 1210 rationalis
693 1145 795 1210 uideri
814 1147 943 1230 poterit,
967 1147 996 1211 si
1014 1165 1075 1211 non
1100 1147 1143 1211 sit
1164 1147 1291 1212 iniusta.
1315 1152 1456 1213 ceterum

310 1250 413 1332 qualis
440 1250 566 1315 bonitas
594 1270 674 1333 quae
701 1270 759 1334 per
781 1251 929 1316 iniuriam
958 1255 1093 1332 constat,
1121 1253 1302 1335 etquidem
1327 1273 1385 1335 pro
1407 1272 1457 1318 er·

254 1360 261 1374 ·
309 1356 441 1422 maneo?
481 1357 617 1422 sortasse
649 1359 734 1422 enim
761 1378 818 1440 pro
852 1358 1027 1425 domestico
1061 1359 1259 1442 aliquatenus
1292 1361 1456 1426 rationalis

310 1465 463 1528 habeatur
484 1464 611 1529 bonitas
634 1464 797 1530 iniuriosa.
839 1483 895 1548 pro
920 1471 1065 1532 extraneo
1090 1487 1175 1544 uero,
1204 1467 1256 1532 cui
1278 1487 1336 1533 nec
1359 1469 1456 1550 proha

308 1571 452 1654 legitime
463 1571 640 1648 deberetur,
657 1591 717 1655 qua
727 1572 924 1638 rationetam
939 1573 1057 1638 iniusta
1070 1574 1234 1639 rationalis
1249 1574 1455 1640 defendetur?
1474 1599 1499 1639 rb

309 1676 386 1758 quid
401 1677 482 1741 enim
499 1677 661 1755 iniustius,
681 1678 758 1761 quid
773 1679 917 1766 iniquius
932 1683 964 1743 et
981 1679 1157 1762 improbius
1177 1699 1271 1763 quam
1289 1681 1337 1746 ita
1355 1683 1455 1748 alieno

308 1783 492 1848 benefacere
521 1802 621 1863 seruo,
649 1788 686 1848 nt
715 1785 844 1849 domino
873 1786 1034 1868 eripiatur,
1058 1790 1096 1851 ut
1123 1787 1178 1851 alii
1201 1787 1394 1867 medicetur,
1421 1793 1457 1853 ut

309 1889 463 1954 aduersus
488 1894 585 1972 eaput
608 1890 728 1955 domini
748 1891 948 1970 subornetur,
969 1894 1002 1955 et
1021 1893 1160 1974 quidem,
1179 1895 1263 1976 quod
1282 1895 1456 1980 indignius,

309 1998 341 2060 in
368 1997 441 2077 ipsa
467 1997 571 2062 adhuc
594 1997 687 2061 donro
712 1997 842 2076 domini,
872 1998 911 2063 de
934 1998 1037 2081 ipsius
1061 1999 1165 2065 adhue
1187 2001 1307 2067 horreis
1330 2003 1455 2070 niueos.

309 2104 369 2168 sub
388 2103 491 2186 ipsius
511 2104 614 2169 adhuc
632 2105 737 2189 plagis
757 2109 920 2170 tremens?
944 2106 1019 2171 talis
1043 2107 1186 2172 adsertor
1209 2109 1304 2172 etiam
1330 2109 1455 2174 damne-
1473 2132 1497 2172 ss

309 2215 397 2275 retur
413 2212 445 2275 in
465 2213 602 2286 saeculo,
622 2210 739 2276 nedum
757 2212 924 2296 plagiator.
940 2233 1000 2278 non
1020 2215 1170 2279 aliteree
1181 2215 1258 2279 deus
1273 2215 1455 2294 Marcionis,

308 2317 493 2399 inrumpens
520 2318 552 2381 in
576 2317 714 2382 alienum
738 2318 904 2397 mnndum,
934 2321 1068 2403 eripiens
1093 2321 1151 2386 deo
1174 2323 1346 2400 hominem,
1375 2325 1455 2406 patri

308 2423 421 2500 filium,
446 2423 609 2488 educatori
631 2424 818 2502 aluminum,
843 2425 969 2490 domino
992 2427 1158 2506 famulum,
1182 2430 1219 2491 ut
1242 2447 1315 2492 eum
1340 2429 1457 2494 efficiat

310 2530 368 2594 deo
397 2530 542 2613 impium.
570 2531 653 2612 putri
679 2531 911 2615 inreligiosum,
941 2532 1102 2596 educatori
1125 2533 1295 2617 ingratum,
1329 2535 1456 2600 domino

309 2656 456 2718 nequam.
504 2655 557 2701 oro
590 2640 633 2714 te,
666 2637 694 2700 si
726 2637 891 2729 rationalis
923 2638 1049 2702 bonitas
1081 2639 1178 2703 talem
1211 2639 1297 2716 facit,
1331 2642 1457 2722 qualem
1473 2667 1498 2705 eo

309 2744 426 2807 faceret
453 2743 671 2808 inrationalis?
695 2763 756 2808 non
786 2748 897 2826 putem
926 2744 1191 2828 impudentiorem
1219 2765 1313 2829 quarn
1343 2749 1397 2830 qui
1425 2749 1456 2812 in

311 2850 411 2914 aliena
442 2869 524 2931 aqua
556 2850 611 2912 elii
645 2849 702 2913 deo
738 2850 883 2934 tingitur,
917 2851 955 2914 ad
985 2851 1121 2915 alienum
1156 2853 1280 2917 eaelum
1312 2853 1367 2918 alii
1399 2854 1456 2918 deo

310 2956 505 3038 expanditur,
533 2957 566 3020 in
595 2957 697 3021 aliena
724 2958 808 3020 terra
836 2957 890 3021 elii
919 2956 978 3021 deo
1007 2958 1169 3036 sternitur,
1198 2977 1292 3041 super
1319 2960 1455 3025 alienum

309 3082 422 3146 panem
441 3063 497 3127 alii
515 3062 573 3126 deo
593 3063 765 3148 gratiarum
789 3063 967 3128 actionibus
991 3063 1145 3148 iungitur,
1169 3065 1207 3128 de
1230 3064 1341 3130 alienis
1366 3067 1456 3132 bonis

311 3169 349 3234 ob
379 3169 476 3233 alium
506 3169 600 3233 deum
633 3171 759 3233 nomine
793 3170 993 3252 elemosynae
1027 3175 1059 3234 et
1086 3171 1264 3236 dilectionis
1299 3177 1498 3254 operatores

310 3276 381 3357 quis
409 3277 471 3340 iste
501 3276 578 3340 deus
606 3279 672 3340 tam
700 3277 812 3351 honus,
843 3281 881 3340 ut
908 3277 1002 3340 homo
1027 3277 1064 3340 ab
1089 3277 1145 3341 illo
1171 3278 1273 3342 malus
1296 3279 1363 3354 fiet,
1391 3281 1455 3344 tam

310 3383 478 3465 propitius,
516 3386 552 3446 ut
589 3383 686 3446 aliurn
718 3382 768 3448 illi
802 3383 907 3460 deum,
937 3387 969 3447 et
997 3383 1157 3446 dominum
1188 3383 1315 3466 quidem
1343 3386 1456 3468 ipsius,

311 3490 408 3554 faciat
431 3489 568 3552 iratum?

355 3597 406 3660 24.
435 3593 498 3660 Sed
522 3594 599 3659 deus
629 3594 715 3658 siout
742 3601 889 3660 aeternus
920 3599 952 3660 et
978 3596 1154 3675 rationulis,
1188 3596 1243 3676 ita,
1272 3599 1392 3680 opinor,
1426 3603 1457 3661 et

310 3702 469 3784 perlectus
511 3702 542 3765 in
580 3702 740 3765 omnibus:
781 3703 901 3767 eritis
942 3703 1023 3766 enim
1057 3703 1236 3784 perfecti
1274 3705 1497 3787 quemad-ao

399 3861 445 3928 sor
465 3860 562 3913 Matth.
582 3862 606 3915 a.
626 3862 669 3913 es.

345 3967 362 4018 4
380 3967 465 4036 primo
479 3966 549 4033 fort.
626 3968 697 4019 sieut
715 3969 826 4035 seropei:
846 3969 884 4020 sic
903 3970 932 4020 et
951 3967 1011 4022 MR
1088 3985 1146 4021 cum
1165 3967 1194 4020 in
1211 3983 1267 4022 rem
1286 3984 1362 4021 suam
1382 3968 1454 4021 erhi-

309 4056 398 4121 betur,
407 4055 548 4108 rationulis
558 4056 610 4108 erit
619 4057 883 4123 scripsi:rationalis
899 4058 958 4124 erit,
971 4073 1030 4110 cunr
1046 4057 1071 4109 in
1087 4073 1143 4110 rem
1158 4073 1233 4109 suam
1245 4056 1387 4110 exhibetur
1395 4057 1455 4111 MR

310 4146 326 4196 5
341 4145 385 4196 ait.
400 4144 439 4196 sie
451 4145 535 4212 urelpo
587 4146 618 4197 13
630 4146 701 4212 qnod
712 4145 788 4214 Enp:
800 4163 851 4214 qno
861 4143 924 4198 Mle
975 4145 1007 4199 16
1019 4146 1150 4198 lamonem
1159 4145 1285 4215 wenni:
1295 4151 1385 4199 autern
1397 4147 1455 4214 agit

309 4233 479 4286 intercidisse
491 4239 562 4300 puto
600 4234 633 4286 18
652 4233 797 4286 aluminum
812 4234 855 4296 M,
875 4238 1011 4288 alumnum
1027 4233 1054 4288 R
1090 4235 1122 4286 21
1141 4251 1192 4286 non
1213 4241 1304 4302 putem
1321 4233 1401 4302 mu,
1421 4249 1454 4286 an

310 4327 401 4390 putem
417 4320 457 4374 12³
511 4322 544 4375 25
564 4323 727 4375 elemosinae
746 4323 816 4389 ΜΡ,
837 4324 1024 4392 eleemosynae
1043 4322 1070 4376 R
1115 4323 1148 4376 27
1167 4322 1254 4391 ipsius
1273 4321 1342 4386 ΜΡ,
1362 4338 1412 4377 om.
1425 4321 1454 4375 B
