<?xml version="1.0" encoding="UTF-8"?>
<!DOCTYPE html PUBLIC "-//W3C//DTD XHTML 1.0 Transitional//EN"
    "http://www.w3.org/TR/xhtml1/DTD/xhtml1-transitional.dtd">
<html xmlns="http://www.w3.org/1999/xhtml" xml:lang="en" lang="en">
 <head>
  <title>
</title>
<meta http-equiv="Content-Type" content="text/html;charset=utf-8" />
  <meta name='ocr-system' content='tesseract 3.04.00' />
  <meta name='ocr-capabilities' content='ocr_page ocr_carea ocr_par ocr_line ocrx_word'/>
</head>
<body>
  <div class='ocr_page' id='page_1' title='image "./corpusscriptoru20wissgoog_0111.png"; bbox 0 0 3250 4959; ppageno 0'>
   <div class='ocr_carea' id='block_1_1' title="bbox 412 407 1316 474">
    <p class='ocr_par' dir='ltr' id='par_1_1' title="bbox 412 407 1316 474">
     <span class='ocr_line' id='line_1_1' title="bbox 412 407 1316 474; baseline 0.006 -13"><span class='ocrx_word' id='word_1_1' title='bbox 412 408 447 462; x_wconf 90' lang='lat' dir='ltr'><strong>ll.</strong></span> <span class='ocrx_word' id='word_1_2' title='bbox 468 409 513 462; x_wconf 90' lang='lat' dir='ltr'><strong>De</strong></span> <span class='ocrx_word' id='word_1_3' title='bbox 533 407 651 463; x_wconf 82' lang='lat' dir='ltr'><strong>Carnis</strong></span> <span class='ocrx_word' id='word_1_4' title='bbox 670 407 935 462; x_wconf 84' lang='lat' dir='ltr'><strong>Resurrectione</strong></span> <span class='ocrx_word' id='word_1_5' title='bbox 953 409 1068 462; x_wconf 82' lang='lat'><strong>26-28.</strong></span> <span class='ocrx_word' id='word_1_6' title='bbox 1275 413 1316 474; x_wconf 78' lang='lat'><strong>65</strong></span> 
     </span>
    </p>
   </div>
   <div class='ocr_carea' id='block_1_2' title="bbox 123 601 1324 3666">
    <p class='ocr_par' dir='ltr' id='par_1_2' title="bbox 123 601 1324 3666">
     <span class='ocr_line' id='line_1_2' title="bbox 167 601 1317 687; baseline -0.004 -18"><span class='ocrx_word' id='word_1_7' title='bbox 167 605 348 687; x_wconf 88' lang='lat' dir='ltr'><strong>receptorii,</strong></span> <span class='ocrx_word' id='word_1_8' title='bbox 373 605 431 668; x_wconf 87' lang='lat' dir='ltr'><strong>nisi</strong></span> <span class='ocrx_word' id='word_1_9' title='bbox 457 604 531 687; x_wconf 90' lang='lat' dir='ltr'><strong>quia</strong></span> <span class='ocrx_word' id='word_1_10' title='bbox 554 603 585 668; x_wconf 89' lang='lat' dir='ltr'><strong>iu</strong></span> <span class='ocrx_word' id='word_1_11' title='bbox 610 603 699 668; x_wconf 90' lang='lat' dir='ltr'><strong>cellis</strong></span> <span class='ocrx_word' id='word_1_12' title='bbox 719 604 839 686; x_wconf 88' lang='lat' dir='ltr'><strong>promis</strong></span> <span class='ocrx_word' id='word_1_13' title='bbox 863 621 935 666; x_wconf 90' lang='lat' dir='ltr'><strong>caro</strong></span> <span class='ocrx_word' id='word_1_14' title='bbox 960 601 1054 665; x_wconf 87' lang='lat' dir='ltr'><strong>salita</strong></span> <span class='ocrx_word' id='word_1_15' title='bbox 1078 605 1111 665; x_wconf 90' lang='lat' dir='ltr'><strong>et</strong></span> <span class='ocrx_word' id='word_1_16' title='bbox 1132 601 1205 665; x_wconf 90' lang='lat' dir='ltr'><strong>usui</strong></span> <span class='ocrx_word' id='word_1_17' title='bbox 1229 621 1317 684; x_wconf 89' lang='lat' dir='ltr'><strong>repo·</strong></span> 
     </span>
     <span class='ocr_line' id='line_1_3' title="bbox 169 707 1318 794; baseline -0.003 -18"><span class='ocrx_word' id='word_1_18' title='bbox 169 711 235 776; x_wconf 90' lang='lat' dir='ltr'><strong>sita</strong></span> <span class='ocrx_word' id='word_1_19' title='bbox 259 715 414 786; x_wconf 84' lang='lat' dir='ltr'><strong>seruatur,</strong></span> <span class='ocrx_word' id='word_1_20' title='bbox 445 709 657 794; x_wconf 89' lang='lat' dir='ltr'><strong>depromenda</strong></span> <span class='ocrx_word' id='word_1_21' title='bbox 684 710 773 774; x_wconf 92' lang='lat' dir='ltr'><strong>illinc</strong></span> <span class='ocrx_word' id='word_1_22' title='bbox 802 728 860 774; x_wconf 92' lang='lat' dir='ltr'><strong>suo</strong></span> <span class='ocrx_word' id='word_1_23' title='bbox 884 712 1047 790; x_wconf 87' lang='lat' dir='ltr'><strong>tempore?</strong></span> <span class='ocrx_word' id='word_1_24' title='bbox 1075 707 1206 791; x_wconf 77' lang='lat' dir='ltr'>proinde</span> <span class='ocrx_word' id='word_1_25' title='bbox 1234 709 1318 772; x_wconf 90' lang='lat' dir='ltr'><strong>enim</strong></span> 
     </span>
     <span class='ocr_line' id='line_1_4' title="bbox 170 813 1320 900; baseline -0.004 -18"><span class='ocrx_word' id='word_1_26' title='bbox 170 822 204 882; x_wconf 91' lang='lat' dir='ltr'><strong>et</strong></span> <span class='ocrx_word' id='word_1_27' title='bbox 246 837 376 900; x_wconf 92' lang='lat' dir='ltr'><strong>corpora</strong></span> <span class='ocrx_word' id='word_1_28' title='bbox 413 818 569 882; x_wconf 87' lang='lat' dir='ltr'><strong>medicata</strong></span> <span class='ocrx_word' id='word_1_29' title='bbox 606 815 817 880; x_wconf 76' lang='lat' dir='ltr'><strong>condimentis</strong></span> <span class='ocrx_word' id='word_1_30' title='bbox 855 816 1039 896; x_wconf 88' lang='lat' dir='ltr'><strong>sepulturae</strong></span> <span class='ocrx_word' id='word_1_31' title='bbox 1075 813 1249 878; x_wconf 78' lang='lat' dir='ltr'>mausoleis</span> <span class='ocrx_word' id='word_1_32' title='bbox 1287 817 1320 877; x_wconf 87' lang='lat' dir='ltr'><strong>et</strong></span> 
     </span>
     <span class='ocr_line' id='line_1_5' title="bbox 169 920 1319 1006; baseline -0.003 -19"><span class='ocrx_word' id='word_1_33' title='bbox 169 924 386 989; x_wconf 78' lang='lat' dir='ltr'><strong>monumentis</strong></span> <span class='ocrx_word' id='word_1_34' title='bbox 406 926 655 1006; x_wconf 74' lang='lat' dir='ltr'><strong>sequestrantur,</strong></span> <span class='ocrx_word' id='word_1_35' title='bbox 680 939 867 1005; x_wconf 90' lang='lat' dir='ltr'><strong>processura</strong></span> <span class='ocrx_word' id='word_1_36' title='bbox 885 921 956 985; x_wconf 93' lang='lat' dir='ltr'><strong>inde</strong></span> <span class='ocrx_word' id='word_1_37' title='bbox 976 939 1049 985; x_wconf 88' lang='lat' dir='ltr'><strong>cum</strong></span> <span class='ocrx_word' id='word_1_38' title='bbox 1068 921 1197 985; x_wconf 89' lang='lat' dir='ltr'><strong>iusserit</strong></span> <span class='ocrx_word' id='word_1_39' title='bbox 1222 920 1319 985; x_wconf 92' lang='lat' dir='ltr'><strong>domi-</strong></span> 
     </span>
     <span class='ocr_line' id='line_1_6' title="bbox 135 1027 1320 1113; baseline -0.003 -18"><span class='ocrx_word' id='word_1_40' title='bbox 135 1051 241 1096; x_wconf 80' lang='lat' dir='ltr'><strong>snus.</strong></span> <span class='ocrx_word' id='word_1_41' title='bbox 266 1030 446 1112; x_wconf 87' lang='lat' dir='ltr'><strong>quodcum</strong></span> <span class='ocrx_word' id='word_1_42' title='bbox 471 1031 518 1094; x_wconf 87' lang='lat' dir='ltr'><strong>ita</strong></span> <span class='ocrx_word' id='word_1_43' title='bbox 540 1029 684 1112; x_wconf 84' lang='lat' dir='ltr'><strong>intellegi</strong></span> <span class='ocrx_word' id='word_1_44' title='bbox 708 1033 873 1113; x_wconf 85' lang='lat' dir='ltr'><strong>congruat.</strong></span> <span class='ocrx_word' id='word_1_45' title='bbox 898 1045 1079 1109; x_wconf 89' lang='lat' dir='ltr'><strong>-ecquae</strong></span> <span class='ocrx_word' id='word_1_46' title='bbox 1103 1027 1185 1091; x_wconf 89' lang='lat' dir='ltr'><strong>enim</strong></span> <span class='ocrx_word' id='word_1_47' title='bbox 1211 1027 1249 1090; x_wconf 93' lang='lat' dir='ltr'><strong>ab</strong></span> <span class='ocrx_word' id='word_1_48' title='bbox 1274 1027 1320 1091; x_wconf 91' lang='lat' dir='ltr'><strong>ira</strong></span> 
     </span>
     <span class='ocr_line' id='line_1_7' title="bbox 170 1132 1319 1219; baseline -0.003 -19"><span class='ocrx_word' id='word_1_49' title='bbox 170 1137 223 1200; x_wconf 91' lang='lat' dir='ltr'><strong>dei</strong></span> <span class='ocrx_word' id='word_1_50' title='bbox 247 1135 442 1200; x_wconf 86' lang='lat' dir='ltr'><strong>cellariomm</strong></span> <span class='ocrx_word' id='word_1_51' title='bbox 467 1155 525 1200; x_wconf 95' lang='lat' dir='ltr'><strong>nos</strong></span> <span class='ocrx_word' id='word_1_52' title='bbox 543 1135 668 1219; x_wconf 86' lang='lat' dir='ltr'><strong>refugia</strong></span> <span class='ocrx_word' id='word_1_53' title='bbox 691 1134 885 1198; x_wconf 85' lang='lat' dir='ltr'><strong>seruabunt?</strong></span> <span class='ocrx_word' id='word_1_54' title='bbox 909 1171 953 1180; x_wconf 96' lang='lat'>-</span> <span class='ocrx_word' id='word_1_55' title='bbox 972 1133 1032 1196; x_wconf 91' lang='lat' dir='ltr'><strong>hoc</strong></span> <span class='ocrx_word' id='word_1_56' title='bbox 1057 1133 1126 1216; x_wconf 88' lang='lat' dir='ltr'><strong>ipso</strong></span> <span class='ocrx_word' id='word_1_57' title='bbox 1151 1132 1235 1213; x_wconf 91' lang='lat' dir='ltr'><strong>quod</strong></span> <span class='ocrx_word' id='word_1_58' title='bbox 1259 1132 1319 1196; x_wconf 86' lang='lat' dir='ltr'><strong>ait:</strong></span> 
     </span>
     <span class='ocr_line' id='line_1_8' title="bbox 171 1239 1322 1326; baseline -0.004 -19"><span class='ocrx_word' id='word_1_59' title='bbox 171 1244 298 1307; x_wconf 91' lang='lat' dir='ltr'><strong>donec</strong></span> <span class='ocrx_word' id='word_1_60' title='bbox 329 1243 389 1306; x_wconf 91' lang='lat' dir='ltr'><strong>ira</strong></span> <span class='ocrx_word' id='word_1_61' title='bbox 421 1245 659 1324; x_wconf 80' lang='lat' dir='ltr'><strong>praetereat,</strong></span> <span class='ocrx_word' id='word_1_62' title='bbox 690 1260 770 1323; x_wconf 91' lang='lat' dir='ltr'><strong>quae</strong></span> <span class='ocrx_word' id='word_1_63' title='bbox 799 1241 964 1326; x_wconf 80' lang='lat' dir='ltr'><strong>extinguet</strong></span> <span class='ocrx_word' id='word_1_64' title='bbox 986 1239 1222 1313; x_wconf 84' lang='lat' dir='ltr'><strong>antichristum,</strong></span> <span class='ocrx_word' id='word_1_65' title='bbox 1246 1241 1322 1320; x_wconf 84' lang='lat' dir='ltr'><strong>post</strong></span> 
     </span>
     <span class='ocr_line' id='line_1_9' title="bbox 168 1345 1319 1431; baseline -0.006 -17"><span class='ocrx_word' id='word_1_66' title='bbox 168 1350 249 1422; x_wconf 86' lang='lat' dir='ltr'><strong>iram</strong></span> <span class='ocrx_word' id='word_1_67' title='bbox 270 1349 410 1414; x_wconf 90' lang='lat' dir='ltr'><strong>ostendit</strong></span> <span class='ocrx_word' id='word_1_68' title='bbox 428 1365 646 1431; x_wconf 85' lang='lat' dir='ltr'><strong>processuram</strong></span> <span class='ocrx_word' id='word_1_69' title='bbox 663 1367 786 1412; x_wconf 89' lang='lat' dir='ltr'><strong>carnem</strong></span> <span class='ocrx_word' id='word_1_70' title='bbox 804 1348 842 1411; x_wconf 88' lang='lat' dir='ltr'><strong>de</strong></span> <span class='ocrx_word' id='word_1_71' title='bbox 857 1347 1012 1429; x_wconf 86' lang='lat' dir='ltr'><strong>sepulcro,</strong></span> <span class='ocrx_word' id='word_1_72' title='bbox 1028 1346 1058 1409; x_wconf 90' lang='lat' dir='ltr'><strong>in</strong></span> <span class='ocrx_word' id='word_1_73' title='bbox 1074 1365 1136 1426; x_wconf 93' lang='lat' dir='ltr'><strong>quc</strong></span> <span class='ocrx_word' id='word_1_74' title='bbox 1156 1350 1228 1409; x_wconf 90' lang='lat' dir='ltr'><strong>ante</strong></span> <span class='ocrx_word' id='word_1_75' title='bbox 1242 1345 1319 1408; x_wconf 90' lang='lat' dir='ltr'><strong>iram</strong></span> 
     </span>
     <span class='ocr_line' id='line_1_10' title="bbox 169 1451 1321 1535; baseline -0.006 -13"><span class='ocrx_word' id='word_1_76' title='bbox 169 1459 269 1522; x_wconf 82' lang='lat' dir='ltr'><strong>fuerit</strong></span> <span class='ocrx_word' id='word_1_77' title='bbox 287 1457 393 1521; x_wconf 91' lang='lat' dir='ltr'><strong>inlata.</strong></span> <span class='ocrx_word' id='word_1_78' title='bbox 414 1475 485 1520; x_wconf 88' lang='lat' dir='ltr'><strong>nam</strong></span> <span class='ocrx_word' id='word_1_79' title='bbox 507 1456 596 1520; x_wconf 88' lang='lat' dir='ltr'><strong>etde</strong></span> <span class='ocrx_word' id='word_1_80' title='bbox 616 1455 753 1519; x_wconf 89' lang='lat' dir='ltr'><strong>cellariis</strong></span> <span class='ocrx_word' id='word_1_81' title='bbox 774 1473 834 1519; x_wconf 92' lang='lat' dir='ltr'><strong>non</strong></span> <span class='ocrx_word' id='word_1_82' title='bbox 856 1454 942 1519; x_wconf 91' lang='lat' dir='ltr'><strong>aliud</strong></span> <span class='ocrx_word' id='word_1_83' title='bbox 963 1453 1100 1529; x_wconf 81' lang='lat' dir='ltr'><strong>effertur,</strong></span> <span class='ocrx_word' id='word_1_84' title='bbox 1122 1471 1216 1535; x_wconf 87' lang='lat' dir='ltr'><strong>quam</strong></span> <span class='ocrx_word' id='word_1_85' title='bbox 1236 1451 1321 1535; x_wconf 93' lang='lat' dir='ltr'><strong>quod</strong></span> 
     </span>
     <span class='ocr_line' id='line_1_11' title="bbox 123 1559 1319 1645; baseline -0.007 -15"><span class='ocrx_word' id='word_1_86' title='bbox 123 1591 151 1631; x_wconf 83' lang='lat' dir='ltr'><strong>ro</strong></span> <span class='ocrx_word' id='word_1_87' title='bbox 170 1565 316 1628; x_wconf 86' lang='lat' dir='ltr'><strong>infertur.</strong></span> <span class='ocrx_word' id='word_1_88' title='bbox 333 1566 453 1645; x_wconf 89' lang='lat' dir='ltr'><strong>etpost</strong></span> <span class='ocrx_word' id='word_1_89' title='bbox 467 1562 645 1626; x_wconf 76' lang='lat' dir='ltr'><strong>antichristi</strong></span> <span class='ocrx_word' id='word_1_90' title='bbox 661 1561 907 1627; x_wconf 85' lang='lat' dir='ltr'><strong>eradicationem</strong></span> <span class='ocrx_word' id='word_1_91' title='bbox 927 1560 1102 1645; x_wconf 86' lang='lat' dir='ltr'><strong>agitabitur</strong></span> <span class='ocrx_word' id='word_1_92' title='bbox 1119 1559 1319 1623; x_wconf 87' lang='lat' dir='ltr'><strong>resurrectio.</strong></span> 
     </span>
     <span class='ocr_line' id='line_1_12' title="bbox 218 1665 1320 1749; baseline -0.005 -16"><span class='ocrx_word' id='word_1_93' title='bbox 218 1671 269 1736; x_wconf 84' lang='lat'><strong>28.</strong></span> <span class='ocrx_word' id='word_1_94' title='bbox 295 1669 420 1736; x_wconf 88' lang='lat' dir='ltr'><strong>Scimus</strong></span> <span class='ocrx_word' id='word_1_95' title='bbox 444 1673 551 1733; x_wconf 91' lang='lat' dir='ltr'><strong>autem</strong></span> <span class='ocrx_word' id='word_1_96' title='bbox 580 1669 665 1733; x_wconf 91' lang='lat' dir='ltr'><strong>sicut</strong></span> <span class='ocrx_word' id='word_1_97' title='bbox 689 1671 722 1731; x_wconf 90' lang='lat' dir='ltr'><strong>et</strong></span> <span class='ocrx_word' id='word_1_98' title='bbox 748 1668 884 1732; x_wconf 88' lang='lat' dir='ltr'><strong>uocibus</strong></span> <span class='ocrx_word' id='word_1_99' title='bbox 907 1669 953 1731; x_wconf 91' lang='lat' dir='ltr'><strong>ita</strong></span> <span class='ocrx_word' id='word_1_100' title='bbox 977 1670 1009 1731; x_wconf 91' lang='lat' dir='ltr'><strong>et</strong></span> <span class='ocrx_word' id='word_1_101' title='bbox 1036 1667 1131 1731; x_wconf 89' lang='lat' dir='ltr'><strong>rebus</strong></span> <span class='ocrx_word' id='word_1_102' title='bbox 1155 1665 1320 1749; x_wconf 90' lang='lat' dir='ltr'><strong>propbeta·</strong></span> 
     </span>
     <span class='ocr_line' id='line_1_13' title="bbox 169 1772 1320 1857; baseline -0.004 -16"><span class='ocrx_word' id='word_1_103' title='bbox 169 1783 256 1852; x_wconf 87' lang='lat' dir='ltr'><strong>tnm;</strong></span> <span class='ocrx_word' id='word_1_104' title='bbox 284 1781 350 1840; x_wconf 84' lang='lat' dir='ltr'><strong>tani</strong></span> <span class='ocrx_word' id='word_1_105' title='bbox 379 1774 473 1840; x_wconf 89' lang='lat' dir='ltr'><strong>dictis</strong></span> <span class='ocrx_word' id='word_1_106' title='bbox 503 1794 597 1857; x_wconf 92' lang='lat' dir='ltr'><strong>quam</strong></span> <span class='ocrx_word' id='word_1_107' title='bbox 626 1778 659 1838; x_wconf 92' lang='lat' dir='ltr'><strong>et</strong></span> <span class='ocrx_word' id='word_1_108' title='bbox 686 1775 779 1839; x_wconf 87' lang='lat' dir='ltr'><strong>factis</strong></span> <span class='ocrx_word' id='word_1_109' title='bbox 803 1773 1003 1856; x_wconf 90' lang='lat' dir='ltr'><strong>praedicatur</strong></span> <span class='ocrx_word' id='word_1_110' title='bbox 1025 1772 1222 1838; x_wconf 89' lang='lat' dir='ltr'><strong>resurrectio.</strong></span> <span class='ocrx_word' id='word_1_111' title='bbox 1247 1791 1320 1836; x_wconf 89' lang='lat' dir='ltr'><strong>cum</strong></span> 
     </span>
     <span class='ocr_line' id='line_1_14' title="bbox 170 1880 1323 1966; baseline -0.004 -19"><span class='ocrx_word' id='word_1_112' title='bbox 170 1883 301 1966; x_wconf 80' lang='lat' dir='ltr'><strong>Moyses</strong></span> <span class='ocrx_word' id='word_1_113' title='bbox 325 1901 452 1945; x_wconf 91' lang='lat' dir='ltr'><strong>manum</strong></span> <span class='ocrx_word' id='word_1_114' title='bbox 476 1881 509 1945; x_wconf 92' lang='lat' dir='ltr'><strong>in</strong></span> <span class='ocrx_word' id='word_1_115' title='bbox 534 1883 639 1945; x_wconf 90' lang='lat' dir='ltr'><strong>sinum</strong></span> <span class='ocrx_word' id='word_1_116' title='bbox 665 1880 772 1945; x_wconf 88' lang='lat' dir='ltr'><strong>condit</strong></span> <span class='ocrx_word' id='word_1_117' title='bbox 797 1883 829 1945; x_wconf 90' lang='lat' dir='ltr'><strong>et</strong></span> <span class='ocrx_word' id='word_1_118' title='bbox 857 1882 1033 1944; x_wconf 89' lang='lat' dir='ltr'><strong>emortuam</strong></span> <span class='ocrx_word' id='word_1_119' title='bbox 1056 1880 1177 1962; x_wconf 84' lang='lat' dir='ltr'><strong>profert</strong></span> <span class='ocrx_word' id='word_1_120' title='bbox 1201 1881 1232 1942; x_wconf 88' lang='lat' dir='ltr'><strong>et</strong></span> <span class='ocrx_word' id='word_1_121' title='bbox 1254 1897 1323 1943; x_wconf 89' lang='lat' dir='ltr'><strong>rur-</strong></span> 
     </span>
     <span class='ocr_line' id='line_1_15' title="bbox 172 1985 1322 2070; baseline -0.003 -17"><span class='ocrx_word' id='word_1_122' title='bbox 172 2008 230 2053; x_wconf 88' lang='lat' dir='ltr'><strong>sus</strong></span> <span class='ocrx_word' id='word_1_123' title='bbox 253 1989 395 2052; x_wconf 87' lang='lat' dir='ltr'><strong>insinuat</strong></span> <span class='ocrx_word' id='word_1_124' title='bbox 419 1993 451 2052; x_wconf 91' lang='lat' dir='ltr'><strong>et</strong></span> <span class='ocrx_word' id='word_1_125' title='bbox 473 1987 615 2052; x_wconf 83' lang='lat' dir='ltr'><strong>uiuidum</strong></span> <span class='ocrx_word' id='word_1_126' title='bbox 646 1987 790 2070; x_wconf 79' lang='lat' dir='ltr'><strong>explicat,</strong></span> <span class='ocrx_word' id='word_1_127' title='bbox 819 2004 921 2050; x_wconf 90' lang='lat' dir='ltr'><strong>nonne</strong></span> <span class='ocrx_word' id='word_1_128' title='bbox 949 1987 1009 2050; x_wconf 93' lang='lat' dir='ltr'><strong>boc</strong></span> <span class='ocrx_word' id='word_1_129' title='bbox 1037 1985 1076 2050; x_wconf 94' lang='lat' dir='ltr'><strong>de</strong></span> <span class='ocrx_word' id='word_1_130' title='bbox 1099 1989 1166 2051; x_wconf 90' lang='lat' dir='ltr'><strong>toto</strong></span> <span class='ocrx_word' id='word_1_131' title='bbox 1195 1985 1322 2049; x_wconf 89' lang='lat' dir='ltr'><strong>homine</strong></span> 
     </span>
     <span class='ocr_line' id='line_1_16' title="bbox 125 2091 1323 2180; baseline -0.008 -15"><span class='ocrx_word' id='word_1_132' title='bbox 125 2127 152 2165; x_wconf 76' lang='lat' dir='ltr'><strong>rs</strong></span> <span class='ocrx_word' id='word_1_133' title='bbox 171 2094 355 2180; x_wconf 80' lang='lat' dir='ltr'><strong>portendit?</strong></span> <span class='ocrx_word' id='word_1_134' title='bbox 390 2093 546 2176; x_wconf 91' lang='lat' dir='ltr'><strong>siquidem</strong></span> <span class='ocrx_word' id='word_1_135' title='bbox 585 2093 667 2157; x_wconf 88' lang='lat' dir='ltr'><strong>trina</strong></span> <span class='ocrx_word' id='word_1_136' title='bbox 698 2093 803 2158; x_wconf 90' lang='lat' dir='ltr'><strong>uirtus</strong></span> <span class='ocrx_word' id='word_1_137' title='bbox 842 2093 893 2156; x_wconf 93' lang='lat' dir='ltr'><strong>dei</strong></span> <span class='ocrx_word' id='word_1_138' title='bbox 928 2111 985 2174; x_wconf 91' lang='lat' dir='ltr'><strong>per</strong></span> <span class='ocrx_word' id='word_1_139' title='bbox 1021 2092 1077 2156; x_wconf 89' lang='lat' dir='ltr'><strong>illa</strong></span> <span class='ocrx_word' id='word_1_140' title='bbox 1112 2091 1194 2156; x_wconf 87' lang='lat' dir='ltr'><strong>trina</strong></span> <span class='ocrx_word' id='word_1_141' title='bbox 1230 2091 1323 2174; x_wconf 88' lang='lat' dir='ltr'><strong>signa</strong></span> 
     </span>
     <span class='ocr_line' id='line_1_17' title="bbox 172 2198 1322 2282; baseline -0.005 -16"><span class='ocrx_word' id='word_1_142' title='bbox 172 2201 384 2266; x_wconf 87' lang='lat' dir='ltr'><strong>denotabatur</strong></span> <span class='ocrx_word' id='word_1_143' title='bbox 402 2218 474 2264; x_wconf 93' lang='lat' dir='ltr'><strong>cum</strong></span> <span class='ocrx_word' id='word_1_144' title='bbox 496 2219 554 2264; x_wconf 90' lang='lat' dir='ltr'><strong>suc</strong></span> <span class='ocrx_word' id='word_1_145' title='bbox 576 2200 692 2277; x_wconf 90' lang='lat' dir='ltr'><strong>ordine,</strong></span> <span class='ocrx_word' id='word_1_146' title='bbox 712 2200 815 2282; x_wconf 88' lang='lat' dir='ltr'><strong>primo</strong></span> <span class='ocrx_word' id='word_1_147' title='bbox 835 2198 995 2262; x_wconf 88' lang='lat' dir='ltr'><strong>diabolum</strong></span> <span class='ocrx_word' id='word_1_148' title='bbox 1016 2201 1194 2280; x_wconf 85' lang='lat' dir='ltr'><strong>serpentem</strong></span> <span class='ocrx_word' id='word_1_149' title='bbox 1215 2215 1322 2280; x_wconf 88' lang='lat' dir='ltr'><strong>quam·</strong></span> 
     </span>
     <span class='ocr_line' id='line_1_18' title="bbox 172 2304 1321 2392; baseline -0.004 -20"><span class='ocrx_word' id='word_1_150' title='bbox 172 2327 267 2392; x_wconf 90' lang='lat' dir='ltr'><strong>quam</strong></span> <span class='ocrx_word' id='word_1_151' title='bbox 291 2307 525 2372; x_wconf 85' lang='lat' dir='ltr'><strong>formidabilem</strong></span> <span class='ocrx_word' id='word_1_152' title='bbox 550 2307 722 2370; x_wconf 87' lang='lat' dir='ltr'><strong>subactura</strong></span> <span class='ocrx_word' id='word_1_153' title='bbox 744 2305 876 2382; x_wconf 91' lang='lat' dir='ltr'><strong>homini,</strong></span> <span class='ocrx_word' id='word_1_154' title='bbox 901 2304 1015 2368; x_wconf 91' lang='lat' dir='ltr'><strong>dehinc</strong></span> <span class='ocrx_word' id='word_1_155' title='bbox 1039 2321 1162 2367; x_wconf 91' lang='lat' dir='ltr'><strong>carnem</strong></span> <span class='ocrx_word' id='word_1_156' title='bbox 1187 2304 1225 2367; x_wconf 88' lang='lat' dir='ltr'><strong>de</strong></span> <span class='ocrx_word' id='word_1_157' title='bbox 1250 2304 1321 2368; x_wconf 88' lang='lat' dir='ltr'><strong>sinu</strong></span> 
     </span>
     <span class='ocr_line' id='line_1_19' title="bbox 171 2409 1322 2495; baseline -0.004 -16"><span class='ocrx_word' id='word_1_158' title='bbox 171 2414 285 2479; x_wconf 90' lang='lat' dir='ltr'><strong>mortis</strong></span> <span class='ocrx_word' id='word_1_159' title='bbox 305 2415 488 2489; x_wconf 86' lang='lat' dir='ltr'><strong>retractura,</strong></span> <span class='ocrx_word' id='word_1_160' title='bbox 514 2415 609 2494; x_wconf 88' lang='lat' dir='ltr'><strong>atquc</strong></span> <span class='ocrx_word' id='word_1_161' title='bbox 632 2411 678 2476; x_wconf 89' lang='lat' dir='ltr'><strong>ita</strong></span> <span class='ocrx_word' id='word_1_162' title='bbox 697 2430 822 2476; x_wconf 86' lang='lat' dir='ltr'><strong>omnem</strong></span> <span class='ocrx_word' id='word_1_163' title='bbox 842 2412 1030 2495; x_wconf 89' lang='lat' dir='ltr'><strong>sanguinem</strong></span> <span class='ocrx_word' id='word_1_164' title='bbox 1055 2414 1225 2475; x_wconf 83' lang='lat' dir='ltr'><strong>executura</strong></span> <span class='ocrx_word' id='word_1_165' title='bbox 1242 2409 1322 2474; x_wconf 92' lang='lat' dir='ltr'><strong>indi·</strong></span> 
     </span>
     <span class='ocr_line' id='line_1_20' title="bbox 173 2518 1321 2602; baseline -0.006 -16"><span class='ocrx_word' id='word_1_166' title='bbox 173 2521 232 2586; x_wconf 88' lang='lat' dir='ltr'><strong>cio.</strong></span> <span class='ocrx_word' id='word_1_167' title='bbox 253 2520 291 2584; x_wconf 90' lang='lat' dir='ltr'><strong>de</strong></span> <span class='ocrx_word' id='word_1_168' title='bbox 312 2537 373 2602; x_wconf 92' lang='lat' dir='ltr'><strong>quo</strong></span> <span class='ocrx_word' id='word_1_169' title='bbox 394 2518 477 2600; x_wconf 91' lang='lat' dir='ltr'><strong>apud</strong></span> <span class='ocrx_word' id='word_1_170' title='bbox 497 2519 630 2582; x_wconf 89' lang='lat' dir='ltr'><strong>euudem</strong></span> <span class='ocrx_word' id='word_1_171' title='bbox 651 2519 841 2600; x_wconf 87' lang='lat' dir='ltr'><strong>propheten:</strong></span> <span class='ocrx_word' id='word_1_172' title='bbox 866 2518 1051 2600; x_wconf 93' lang='lat' dir='ltr'><strong>quoniam</strong></span> <span class='ocrx_word' id='word_1_173' title='bbox 1073 2521 1113 2581; x_wconf 91' lang='lat' dir='ltr'><strong>et</strong></span> <span class='ocrx_word' id='word_1_174' title='bbox 1131 2521 1321 2595; x_wconf 91' lang='lat' dir='ltr'><strong>uestrum,</strong></span> 
     </span>
     <span class='ocr_line' id='line_1_21' title="bbox 125 2622 1321 2709; baseline -0.003 -19"><span class='ocrx_word' id='word_1_175' title='bbox 125 2626 278 2709; x_wconf 59' lang='lat' dir='ltr'><strong>„inquit</strong></span> <span class='ocrx_word' id='word_1_176' title='bbox 310 2625 399 2702; x_wconf 88' lang='lat' dir='ltr'><strong>dens,</strong></span> <span class='ocrx_word' id='word_1_177' title='bbox 433 2625 673 2708; x_wconf 90' lang='lat' dir='ltr'><strong>sauguinem</strong></span> <span class='ocrx_word' id='word_1_178' title='bbox 710 2625 916 2707; x_wconf 82' lang='lat' dir='ltr'><strong>exquiram</strong></span> <span class='ocrx_word' id='word_1_179' title='bbox 959 2625 1003 2688; x_wconf 94' lang='lat' dir='ltr'><strong>de</strong></span> <span class='ocrx_word' id='word_1_180' title='bbox 1041 2623 1229 2688; x_wconf 87' lang='lat' dir='ltr'><strong>omnibus</strong></span> <span class='ocrx_word' id='word_1_181' title='bbox 1263 2622 1321 2687; x_wconf 92' lang='lat' dir='ltr'><strong>be-</strong></span> 
     </span>
     <span class='ocr_line' id='line_1_22' title="bbox 172 2730 1323 2812; baseline -0.004 -15"><span class='ocrx_word' id='word_1_182' title='bbox 172 2733 281 2808; x_wconf 81' lang='lat' dir='ltr'><strong>stiis,</strong></span> <span class='ocrx_word' id='word_1_183' title='bbox 303 2731 405 2795; x_wconf 90' lang='lat' dir='ltr'><strong>etde</strong></span> <span class='ocrx_word' id='word_1_184' title='bbox 425 2749 537 2794; x_wconf 89' lang='lat' dir='ltr'><strong>manu</strong></span> <span class='ocrx_word' id='word_1_185' title='bbox 562 2731 739 2796; x_wconf 88' lang='lat' dir='ltr'><strong>bominis</strong></span> <span class='ocrx_word' id='word_1_186' title='bbox 761 2734 800 2795; x_wconf 93' lang='lat' dir='ltr'><strong>et</strong></span> <span class='ocrx_word' id='word_1_187' title='bbox 820 2730 864 2796; x_wconf 93' lang='lat' dir='ltr'><strong>de</strong></span> <span class='ocrx_word' id='word_1_188' title='bbox 883 2749 998 2794; x_wconf 91' lang='lat' dir='ltr'><strong>manu</strong></span> <span class='ocrx_word' id='word_1_189' title='bbox 1017 2731 1163 2794; x_wconf 85' lang='lat' dir='ltr'><strong>fratris</strong></span> <span class='ocrx_word' id='word_1_190' title='bbox 1188 2730 1323 2812; x_wconf 88' lang='lat' dir='ltr'><strong>exqui-</strong></span> 
     </span>
     <span class='ocr_line' id='line_1_23' title="bbox 171 2835 1322 2919; baseline -0.005 -15"><span class='ocrx_word' id='word_1_191' title='bbox 171 2859 253 2904; x_wconf 91' lang='lat' dir='ltr'><strong>ram</strong></span> <span class='ocrx_word' id='word_1_192' title='bbox 277 2857 372 2903; x_wconf 88' lang='lat' dir='ltr'><strong>eum.</strong></span> <span class='ocrx_word' id='word_1_193' title='bbox 400 2856 493 2919; x_wconf 89' lang='lat' dir='ltr'><strong>porro</strong></span> <span class='ocrx_word' id='word_1_194' title='bbox 517 2837 597 2902; x_wconf 90' lang='lat' dir='ltr'><strong>nibil</strong></span> <span class='ocrx_word' id='word_1_195' title='bbox 627 2837 801 2919; x_wconf 84' lang='lat' dir='ltr'><strong>exquiritur</strong></span> <span class='ocrx_word' id='word_1_196' title='bbox 828 2838 890 2902; x_wconf 91' lang='lat' dir='ltr'><strong>nisi</strong></span> <span class='ocrx_word' id='word_1_197' title='bbox 918 2836 1001 2918; x_wconf 89' lang='lat' dir='ltr'><strong>quod</strong></span> <span class='ocrx_word' id='word_1_198' title='bbox 1025 2837 1214 2919; x_wconf 80' lang='lat' dir='ltr'><strong>reposcitur,</strong></span> <span class='ocrx_word' id='word_1_199' title='bbox 1243 2835 1322 2900; x_wconf 93' lang='lat' dir='ltr'><strong>nihil</strong></span> 
     </span>
     <span class='ocr_line' id='line_1_24' title="bbox 171 2942 1323 3030; baseline -0.004 -19"><span class='ocrx_word' id='word_1_200' title='bbox 171 2945 351 3030; x_wconf 87' lang='lat' dir='ltr'><strong>reposcitur</strong></span> <span class='ocrx_word' id='word_1_201' title='bbox 382 2944 445 3009; x_wconf 88' lang='lat' dir='ltr'><strong>nisi</strong></span> <span class='ocrx_word' id='word_1_202' title='bbox 478 2944 563 3027; x_wconf 92' lang='lat' dir='ltr'><strong>quod</strong></span> <span class='ocrx_word' id='word_1_203' title='bbox 596 2949 628 3009; x_wconf 92' lang='lat' dir='ltr'><strong>et</strong></span> <span class='ocrx_word' id='word_1_204' title='bbox 659 2944 817 3024; x_wconf 88' lang='lat' dir='ltr'><strong>reddetur,</strong></span> <span class='ocrx_word' id='word_1_205' title='bbox 849 2950 882 3008; x_wconf 91' lang='lat' dir='ltr'><strong>et</strong></span> <span class='ocrx_word' id='word_1_206' title='bbox 913 2945 1024 3026; x_wconf 90' lang='lat' dir='ltr'><strong>utique</strong></span> <span class='ocrx_word' id='word_1_207' title='bbox 1056 2943 1207 3008; x_wconf 89' lang='lat' dir='ltr'><strong>reddetur</strong></span> <span class='ocrx_word' id='word_1_208' title='bbox 1238 2942 1323 3024; x_wconf 92' lang='lat' dir='ltr'><strong>quod</strong></span> 
     </span>
     <span class='ocr_line' id='line_1_25' title="bbox 172 3049 1321 3132; baseline -0.005 -15"><span class='ocrx_word' id='word_1_209' title='bbox 172 3052 304 3117; x_wconf 88' lang='lat' dir='ltr'><strong>ultionis</strong></span> <span class='ocrx_word' id='word_1_210' title='bbox 324 3051 451 3115; x_wconf 89' lang='lat' dir='ltr'><strong>nomine</strong></span> <span class='ocrx_word' id='word_1_211' title='bbox 468 3053 655 3132; x_wconf 88' lang='lat' dir='ltr'><strong>reposcetur</strong></span> <span class='ocrx_word' id='word_1_212' title='bbox 679 3055 710 3115; x_wconf 91' lang='lat' dir='ltr'><strong>et</strong></span> <span class='ocrx_word' id='word_1_213' title='bbox 734 3052 926 3132; x_wconf 86' lang='lat' dir='ltr'><strong>exquiretur.</strong></span> <span class='ocrx_word' id='word_1_214' title='bbox 945 3070 1046 3132; x_wconf 90' lang='lat' dir='ltr'><strong>neque</strong></span> <span class='ocrx_word' id='word_1_215' title='bbox 1067 3051 1150 3114; x_wconf 90' lang='lat' dir='ltr'><strong>enim</strong></span> <span class='ocrx_word' id='word_1_216' title='bbox 1170 3049 1321 3114; x_wconf 87' lang='lat' dir='ltr'><strong>uindicari</strong></span> 
     </span>
     <span class='ocr_line' id='line_1_26' title="bbox 127 3156 1322 3240; baseline -0.004 -17"><span class='ocrx_word' id='word_1_217' title='bbox 127 3189 156 3230; x_wconf 61' lang='lat' dir='ltr'><strong>es</strong></span> <span class='ocrx_word' id='word_1_218' title='bbox 174 3159 294 3240; x_wconf 88' lang='lat' dir='ltr'><strong>poterit</strong></span> <span class='ocrx_word' id='word_1_219' title='bbox 317 3156 403 3240; x_wconf 90' lang='lat' dir='ltr'><strong>quod</strong></span> <span class='ocrx_word' id='word_1_220' title='bbox 427 3157 553 3221; x_wconf 88' lang='lat' dir='ltr'><strong>omnino</strong></span> <span class='ocrx_word' id='word_1_221' title='bbox 581 3176 643 3222; x_wconf 90' lang='lat' dir='ltr'><strong>nou</strong></span> <span class='ocrx_word' id='word_1_222' title='bbox 667 3157 772 3220; x_wconf 84' lang='lat' dir='ltr'><strong>luerit.</strong></span> <span class='ocrx_word' id='word_1_223' title='bbox 803 3157 1005 3234; x_wconf 82' lang='lat' dir='ltr'><strong>enitentem,</strong></span> <span class='ocrx_word' id='word_1_224' title='bbox 1030 3157 1104 3220; x_wconf 91' lang='lat' dir='ltr'><strong>dum</strong></span> <span class='ocrx_word' id='word_1_225' title='bbox 1129 3156 1322 3227; x_wconf 85' lang='lat' dir='ltr'><strong>restituitur,</strong></span> 
     </span>
     <span class='ocr_line' id='line_1_27' title="bbox 174 3262 1323 3347; baseline -0.002 -20"><span class='ocrx_word' id='word_1_226' title='bbox 174 3265 222 3328; x_wconf 89' lang='lat' dir='ltr'><strong>uti</strong></span> <span class='ocrx_word' id='word_1_227' title='bbox 240 3263 429 3328; x_wconf 82' lang='lat' dir='ltr'><strong>uindicatur.</strong></span> <span class='ocrx_word' id='word_1_228' title='bbox 448 3264 481 3328; x_wconf 94' lang='lat' dir='ltr'><strong>in</strong></span> <span class='ocrx_word' id='word_1_229' title='bbox 497 3282 621 3328; x_wconf 91' lang='lat' dir='ltr'><strong>caruem</strong></span> <span class='ocrx_word' id='word_1_230' title='bbox 637 3265 744 3345; x_wconf 88' lang='lat' dir='ltr'><strong>itaque</strong></span> <span class='ocrx_word' id='word_1_231' title='bbox 760 3263 908 3347; x_wconf 88' lang='lat' dir='ltr'><strong>dirigitur</strong></span> <span class='ocrx_word' id='word_1_232' title='bbox 922 3263 1074 3346; x_wconf 90' lang='lat' dir='ltr'><strong>quicquid</strong></span> <span class='ocrx_word' id='word_1_233' title='bbox 1088 3263 1120 3326; x_wconf 92' lang='lat' dir='ltr'><strong>in</strong></span> <span class='ocrx_word' id='word_1_234' title='bbox 1136 3262 1323 3345; x_wconf 86' lang='lat' dir='ltr'><strong>sangninem</strong></span> 
     </span>
     <span class='ocr_line' id='line_1_28' title="bbox 174 3369 1324 3454; baseline -0.004 -19"><span class='ocrx_word' id='word_1_235' title='bbox 174 3371 383 3454; x_wconf 79' lang='lat' dir='ltr'><strong>praedicatur,</strong></span> <span class='ocrx_word' id='word_1_236' title='bbox 413 3370 480 3434; x_wconf 92' lang='lat' dir='ltr'><strong>sine</strong></span> <span class='ocrx_word' id='word_1_237' title='bbox 510 3389 571 3452; x_wconf 91' lang='lat' dir='ltr'><strong>qua</strong></span> <span class='ocrx_word' id='word_1_238' title='bbox 595 3389 656 3435; x_wconf 91' lang='lat' dir='ltr'><strong>uon</strong></span> <span class='ocrx_word' id='word_1_239' title='bbox 680 3371 741 3434; x_wconf 92' lang='lat' dir='ltr'><strong>erit</strong></span> <span class='ocrx_word' id='word_1_240' title='bbox 769 3370 909 3452; x_wconf 87' lang='lat' dir='ltr'><strong>sanguis.</strong></span> <span class='ocrx_word' id='word_1_241' title='bbox 938 3387 1009 3432; x_wconf 87' lang='lat' dir='ltr'><strong>caro</strong></span> <span class='ocrx_word' id='word_1_242' title='bbox 1039 3369 1259 3443; x_wconf 87' lang='lat' dir='ltr'><strong>suscitabitur,</strong></span> <span class='ocrx_word' id='word_1_243' title='bbox 1287 3370 1324 3431; x_wconf 91' lang='lat' dir='ltr'><strong>ut</strong></span> 
     </span>
     <span class='ocr_line' id='line_1_29' title="bbox 175 3475 1324 3560; baseline -0.003 -20"><span class='ocrx_word' id='word_1_244' title='bbox 175 3477 305 3560; x_wconf 87' lang='lat' dir='ltr'><strong>sanguis</strong></span> <span class='ocrx_word' id='word_1_245' title='bbox 326 3476 515 3541; x_wconf 91' lang='lat' dir='ltr'><strong>uindicetur.</strong></span> <span class='ocrx_word' id='word_1_246' title='bbox 536 3481 610 3541; x_wconf 88' lang='lat' dir='ltr'><strong>sunt</strong></span> <span class='ocrx_word' id='word_1_247' title='bbox 629 3480 662 3540; x_wconf 91' lang='lat' dir='ltr'><strong>et</strong></span> <span class='ocrx_word' id='word_1_248' title='bbox 681 3476 834 3559; x_wconf 89' lang='lat' dir='ltr'><strong>quaedam</strong></span> <span class='ocrx_word' id='word_1_249' title='bbox 855 3477 900 3540; x_wconf 91' lang='lat' dir='ltr'><strong>ita</strong></span> <span class='ocrx_word' id='word_1_250' title='bbox 918 3477 1131 3558; x_wconf 85' lang='lat' dir='ltr'><strong>pronuntiata,</strong></span> <span class='ocrx_word' id='word_1_251' title='bbox 1151 3478 1189 3537; x_wconf 89' lang='lat' dir='ltr'><strong>ut</strong></span> <span class='ocrx_word' id='word_1_252' title='bbox 1207 3475 1324 3558; x_wconf 88' lang='lat' dir='ltr'><strong>allego·</strong></span> 
     </span>
     <span class='ocr_line' id='line_1_30' title="bbox 175 3580 1323 3666; baseline -0.004 -19"><span class='ocrx_word' id='word_1_253' title='bbox 175 3585 237 3648; x_wconf 85' lang='lat' dir='ltr'><strong>riae</strong></span> <span class='ocrx_word' id='word_1_254' title='bbox 257 3583 384 3666; x_wconf 87' lang='lat' dir='ltr'><strong>quidem</strong></span> <span class='ocrx_word' id='word_1_255' title='bbox 404 3582 514 3647; x_wconf 89' lang='lat' dir='ltr'><strong>nubilo</strong></span> <span class='ocrx_word' id='word_1_256' title='bbox 534 3587 670 3655; x_wconf 78' lang='lat' dir='ltr'><strong>oar-eant,</strong></span> <span class='ocrx_word' id='word_1_257' title='bbox 696 3582 904 3646; x_wconf 90' lang='lat' dir='ltr'><strong>nibilominus</strong></span> <span class='ocrx_word' id='word_1_258' title='bbox 923 3585 1028 3646; x_wconf 87' lang='lat' dir='ltr'><strong>tamen</strong></span> <span class='ocrx_word' id='word_1_259' title='bbox 1048 3582 1150 3665; x_wconf 88' lang='lat' dir='ltr'><strong>ipsius</strong></span> <span class='ocrx_word' id='word_1_260' title='bbox 1172 3580 1323 3662; x_wconf 85' lang='lat' dir='ltr'><strong>simplici·</strong></span> 
     </span>
    </p>
   </div>
   <div class='ocr_carea' id='block_1_3' title="bbox 178 3755 1321 3917">
    <p class='ocr_par' dir='ltr' id='par_1_3' title="bbox 178 3755 1321 3917">
     <span class='ocr_line' id='line_1_31' title="bbox 263 3755 1321 3828; baseline -0.004 -15"><span class='ocrx_word' id='word_1_261' title='bbox 263 3759 288 3828; x_wconf 81' lang='lat'><strong>7]</strong></span> <span class='ocrx_word' id='word_1_262' title='bbox 308 3757 355 3812; x_wconf 80' lang='lat' dir='ltr'><strong>Es.</strong></span> <span class='ocrx_word' id='word_1_263' title='bbox 374 3759 417 3824; x_wconf 82' lang='grc'><strong>26,</strong></span> <span class='ocrx_word' id='word_1_264' title='bbox 436 3757 479 3812; x_wconf 85' lang='grc'><strong>20.</strong></span> <span class='ocrx_word' id='word_1_265' title='bbox 553 3759 598 3828; x_wconf 85' lang='grc'><strong>13]</strong></span> <span class='ocrx_word' id='word_1_266' title='bbox 619 3759 651 3815; x_wconf 91' lang='lat' dir='ltr'><strong>cf.</strong></span> <span class='ocrx_word' id='word_1_267' title='bbox 673 3758 754 3812; x_wconf 78' lang='lat' dir='ltr'><strong>Exod.</strong></span> <span class='ocrx_word' id='word_1_268' title='bbox 773 3760 798 3827; x_wconf 78' lang='lat'><strong>4,</strong></span> <span class='ocrx_word' id='word_1_269' title='bbox 819 3761 897 3812; x_wconf 84' lang='grc'><strong>6-7.</strong></span> <span class='ocrx_word' id='word_1_270' title='bbox 972 3759 1016 3827; x_wconf 83' lang='grc'><strong>15]</strong></span> <span class='ocrx_word' id='word_1_271' title='bbox 1036 3757 1069 3812; x_wconf 87' lang='lat' dir='ltr'><strong>cf.</strong></span> <span class='ocrx_word' id='word_1_272' title='bbox 1088 3755 1171 3810; x_wconf 84' lang='lat' dir='ltr'><strong>Exod.</strong></span> <span class='ocrx_word' id='word_1_273' title='bbox 1195 3757 1221 3814; x_wconf 85' lang='grc'><strong>4,</strong></span> <span class='ocrx_word' id='word_1_274' title='bbox 1242 3755 1321 3809; x_wconf 78' lang='grc'>2-9.</span> 
     </span>
     <span class='ocr_line' id='line_1_32' title="bbox 178 3847 396 3917; baseline 0 -17"><span class='ocrx_word' id='word_1_275' title='bbox 178 3849 221 3917; x_wconf 84' lang='grc'><strong>191</strong></span> <span class='ocrx_word' id='word_1_276' title='bbox 239 3847 307 3902; x_wconf 83' lang='lat' dir='ltr'><strong>Gen.</strong></span> <span class='ocrx_word' id='word_1_277' title='bbox 326 3847 351 3915; x_wconf 85' lang='lat'><strong>9,</strong></span> <span class='ocrx_word' id='word_1_278' title='bbox 370 3849 396 3900; x_wconf 84' lang='lat'><strong>5.</strong></span> 
     </span>
    </p>
   </div>
   <div class='ocr_carea' id='block_1_4' title="bbox 177 3947 1328 4376">
    <p class='ocr_par' dir='ltr' id='par_1_4' title="bbox 177 3947 1328 4376">
     <span class='ocr_line' id='line_1_33' title="bbox 209 3947 1323 4022; baseline -0.005 -15"><span class='ocrx_word' id='word_1_279' title='bbox 209 3954 444 4022; x_wconf 85' lang='lat' dir='ltr'><strong>4seqnestreutur</strong></span> <span class='ocrx_word' id='word_1_280' title='bbox 458 3951 485 4004; x_wconf 92' lang='lat' dir='ltr'><em>B</em></span> <span class='ocrx_word' id='word_1_281' title='bbox 539 3953 555 4006; x_wconf 91' lang='lat'>5</span> <span class='ocrx_word' id='word_1_282' title='bbox 571 3967 671 4021; x_wconf 89' lang='lat' dir='ltr'><strong>ecquae</strong></span> <span class='ocrx_word' id='word_1_283' title='bbox 690 3951 834 4006; x_wconf 80' lang='lat' dir='ltr'><strong>Oeblerrcs:</strong></span> <span class='ocrx_word' id='word_1_284' title='bbox 849 3955 877 4006; x_wconf 86' lang='lat' dir='ltr'><strong>et</strong></span> <span class='ocrx_word' id='word_1_285' title='bbox 892 3969 960 4022; x_wconf 85' lang='lat' dir='ltr'><strong>quae</strong></span> <span class='ocrx_word' id='word_1_286' title='bbox 977 3951 1067 4005; x_wconf 84' lang='lat' dir='ltr'><strong>PMF</strong></span> <span class='ocrx_word' id='word_1_287' title='bbox 1118 3953 1202 4019; x_wconf 80' lang='lat' dir='ltr'><strong>equo</strong></span> <span class='ocrx_word' id='word_1_288' title='bbox 1218 3951 1257 4003; x_wconf 87' lang='lat' dir='ltr'><strong>ait</strong></span> <span class='ocrx_word' id='word_1_289' title='bbox 1274 3947 1323 4002; x_wconf 77' lang='lat' dir='ltr'><strong>CF</strong></span> 
     </span>
     <span class='ocr_line' id='line_1_34' title="bbox 177 4035 1327 4111; baseline -0.004 -16"><span class='ocrx_word' id='word_1_290' title='bbox 177 4039 533 4111; x_wconf 81' lang='lat' dir='ltr'><strong>SaepulehrisinquaeGel</strong></span> <span class='ocrx_word' id='word_1_291' title='bbox 580 4041 611 4094; x_wconf 92' lang='grc'><strong>11</strong></span> <span class='ocrx_word' id='word_1_292' title='bbox 628 4040 1049 4109; x_wconf 77' lang='lat' dir='ltr'><strong>sicutstMF.sicutPuulqo</strong></span> <span class='ocrx_word' id='word_1_293' title='bbox 1101 4040 1134 4094; x_wconf 83' lang='lat'><strong>13</strong></span> <span class='ocrx_word' id='word_1_294' title='bbox 1148 4043 1282 4092; x_wconf 89' lang='lat' dir='ltr'><strong>mortuam</strong></span> <span class='ocrx_word' id='word_1_295' title='bbox 1297 4035 1327 4090; x_wconf 84' lang='lat' dir='ltr'><strong><em>F</em></strong></span> 
     </span>
     <span class='ocr_line' id='line_1_35' title="bbox 178 4127 1328 4200; baseline -0.003 -17"><span class='ocrx_word' id='word_1_296' title='bbox 178 4128 518 4199; x_wconf 84' lang='lat' dir='ltr'><strong>lbportendit.siquidem</strong></span> <span class='ocrx_word' id='word_1_297' title='bbox 534 4131 617 4200; x_wconf 69' lang='lat' dir='ltr'><strong>uulgo</strong></span> <span class='ocrx_word' id='word_1_298' title='bbox 669 4131 701 4184; x_wconf 87' lang='grc'><strong>16</strong></span> <span class='ocrx_word' id='word_1_299' title='bbox 716 4131 863 4184; x_wconf 86' lang='lat' dir='ltr'><strong>notabatur</strong></span> <span class='ocrx_word' id='word_1_300' title='bbox 879 4129 930 4183; x_wconf 80' lang='lat' dir='ltr'><strong>Get</strong></span> <span class='ocrx_word' id='word_1_301' title='bbox 980 4132 1012 4183; x_wconf 80' lang='grc'><strong>18</strong></span> <span class='ocrx_word' id='word_1_302' title='bbox 1028 4127 1328 4183; x_wconf 82' lang='lat' dir='ltr'><strong>indicioexecuturaF</strong></span> 
     </span>
     <span class='ocr_line' id='line_1_36' title="bbox 179 4215 1323 4287; baseline -0.003 -18"><span class='ocrx_word' id='word_1_303' title='bbox 179 4217 210 4272; x_wconf 84' lang='grc'><strong>19</strong></span> <span class='ocrx_word' id='word_1_304' title='bbox 228 4217 387 4287; x_wconf 82' lang='lat' dir='ltr'><strong>prophetam</strong></span> <span class='ocrx_word' id='word_1_305' title='bbox 405 4217 436 4270; x_wconf 78' lang='lat' dir='ltr'><em>F</em></span> <span class='ocrx_word' id='word_1_306' title='bbox 488 4219 521 4272; x_wconf 82' lang='grc'><strong>26</strong></span> <span class='ocrx_word' id='word_1_307' title='bbox 541 4219 581 4271; x_wconf 87' lang='lat' dir='ltr'><strong>uti</strong></span> <span class='ocrx_word' id='word_1_308' title='bbox 596 4233 647 4272; x_wconf 89' lang='lat' dir='ltr'><strong>om.</strong></span> <span class='ocrx_word' id='word_1_309' title='bbox 664 4219 691 4270; x_wconf 92' lang='lat' dir='ltr'>P</span> <span class='ocrx_word' id='word_1_310' title='bbox 704 4219 782 4286; x_wconf 83' lang='lat' dir='ltr'><strong>(add.</strong></span> <span class='ocrx_word' id='word_1_311' title='bbox 798 4219 825 4272; x_wconf 83' lang='lat' dir='ltr'><em>R</em></span> <span class='ocrx_word' id='word_1_312' title='bbox 839 4235 872 4271; x_wconf 76' lang='lat' dir='ltr'><strong>esc</strong></span> <span class='ocrx_word' id='word_1_313' title='bbox 886 4218 1094 4287; x_wconf 69' lang='lat' dir='ltr'><strong>Hiraaugicnecl</strong></span> <span class='ocrx_word' id='word_1_314' title='bbox 1168 4232 1273 4269; x_wconf 88' lang='lat' dir='ltr'><strong>carnem</strong></span> <span class='ocrx_word' id='word_1_315' title='bbox 1290 4215 1323 4282; x_wconf 87' lang='lat' dir='ltr'><strong>P,</strong></span> 
     </span>
     <span class='ocr_line' id='line_1_37' title="bbox 178 4303 1327 4376; baseline -0.002 -18"><span class='ocrx_word' id='word_1_316' title='bbox 178 4305 328 4360; x_wconf 80' lang='lat' dir='ltr'><strong>cameMF&#39;</strong></span> <span class='ocrx_word' id='word_1_317' title='bbox 379 4307 550 4374; x_wconf 86' lang='lat' dir='ltr'><strong>sauguineF</strong></span> <span class='ocrx_word' id='word_1_318' title='bbox 593 4308 626 4360; x_wconf 82' lang='lat'><strong>27</strong></span> <span class='ocrx_word' id='word_1_319' title='bbox 638 4311 669 4360; x_wconf 89' lang='lat' dir='ltr'><strong>ut</strong></span> <span class='ocrx_word' id='word_1_320' title='bbox 679 4307 801 4361; x_wconf 79' lang='lat' dir='ltr'><strong>om.MF</strong></span> <span class='ocrx_word' id='word_1_321' title='bbox 844 4307 878 4359; x_wconf 85' lang='lat'><strong>28</strong></span> <span class='ocrx_word' id='word_1_322' title='bbox 890 4306 1078 4376; x_wconf 86' lang='lat' dir='ltr'><strong>allegoriaeP‚</strong></span> <span class='ocrx_word' id='word_1_323' title='bbox 1089 4305 1251 4374; x_wconf 87' lang='lat' dir='ltr'><strong>allegoricae</strong></span> <span class='ocrx_word' id='word_1_324' title='bbox 1262 4303 1327 4357; x_wconf 63' lang='lat' dir='ltr'><strong>Mb*</strong></span> 
     </span>
    </p>
   </div>
   <div class='ocr_carea' id='block_1_5' title="bbox 203 4408 1290 4472">
    <p class='ocr_par' dir='ltr' id='par_1_5' title="bbox 203 4408 1290 4472">
     <span class='ocr_line' id='line_1_38' title="bbox 203 4408 1290 4472; baseline 0.012 -2"><span class='ocrx_word' id='word_1_325' title='bbox 203 4431 335 4471; x_wconf 76' lang='lat' dir='ltr'>XXXKVII.</span> <span class='ocrx_word' id='word_1_326' title='bbox 350 4432 411 4472; x_wconf 70' lang='lat' dir='ltr'><strong>Text.</strong></span> <span class='ocrx_word' id='word_1_327' title='bbox 427 4433 469 4472; x_wconf 84' lang='lat'>111.</span> <span class='ocrx_word' id='word_1_328' title='bbox 1274 4408 1290 4460; x_wconf 74' lang='lat'>5</span> 
     </span>
    </p>
   </div>
   <div class='ocr_carea' id='block_1_6' title="bbox 0 0 1639 4959">
    <p class='ocr_par' dir='ltr' id='par_1_6' title="bbox 0 0 1639 4959">
     <span class='ocr_line' id='line_1_39' title="bbox 0 0 1639 4959; baseline 0 0"><span class='ocrx_word' id='word_1_329' title='bbox 0 0 1639 4959; x_wconf 95' lang='lat' dir='ltr'><strong> </strong></span> 
     </span>
    </p>
   </div>
  </div>
 </body>
</html>
