<?xml version="1.0" encoding="UTF-8"?>
<!DOCTYPE html PUBLIC "-//W3C//DTD XHTML 1.0 Transitional//EN"
    "http://www.w3.org/TR/xhtml1/DTD/xhtml1-transitional.dtd">
<html xmlns="http://www.w3.org/1999/xhtml" xml:lang="en" lang="en">
 <head>
  <title>
</title>
<meta http-equiv="Content-Type" content="text/html;charset=utf-8" />
  <meta name='ocr-system' content='tesseract 3.04.00' />
  <meta name='ocr-capabilities' content='ocr_page ocr_carea ocr_par ocr_line ocrx_word'/>
</head>
<body>
  <div class='ocr_page' id='page_1' title='image "./corpusscriptoru20wissgoog_0668.png"; bbox 0 0 3250 4959; ppageno 0'>
   <div class='ocr_carea' id='block_1_1' title="bbox 295 386 1212 458">
    <p class='ocr_par' dir='ltr' id='par_1_1' title="bbox 295 386 1212 458">
     <span class='ocr_line' id='line_1_1' title="bbox 295 386 1212 458; baseline -0.007 -12"><span class='ocrx_word' id='word_1_1' title='bbox 295 391 359 455; x_wconf 82' lang='lat'><strong>588</strong></span> <span class='ocrx_word' id='word_1_2' title='bbox 519 387 637 454; x_wconf 78' lang='lat' dir='ltr'><strong>Quinti</strong></span> <span class='ocrx_word' id='word_1_3' title='bbox 657 388 798 458; x_wconf 76' lang='lat' dir='ltr'>Septimi</span> <span class='ocrx_word' id='word_1_4' title='bbox 817 387 990 441; x_wconf 80' lang='lat' dir='ltr'><strong>Florentia</strong></span> <span class='ocrx_word' id='word_1_5' title='bbox 1009 386 1212 441; x_wconf 81' lang='lat' dir='ltr'>Tertulliani</span> 
     </span>
    </p>
   </div>
   <div class='ocr_carea' id='block_1_2' title="bbox 290 579 1482 3432">
    <p class='ocr_par' dir='ltr' id='par_1_2' title="bbox 290 579 1482 3432">
     <span class='ocr_line' id='line_1_2' title="bbox 338 579 1438 666; baseline 0 -20"><span class='ocrx_word' id='word_1_6' title='bbox 338 583 367 646; x_wconf 94' lang='grc'><strong>6.</strong></span> <span class='ocrx_word' id='word_1_7' title='bbox 400 581 503 666; x_wconf 83' lang='lat' dir='ltr'><strong>Igitur</strong></span> <span class='ocrx_word' id='word_1_8' title='bbox 534 601 589 665; x_wconf 89' lang='lat' dir='ltr'><strong>per</strong></span> <span class='ocrx_word' id='word_1_9' title='bbox 620 582 698 646; x_wconf 90' lang='lat' dir='ltr'><strong>haec</strong></span> <span class='ocrx_word' id='word_1_10' title='bbox 731 581 837 646; x_wconf 90' lang='lat' dir='ltr'><strong>omnia</strong></span> <span class='ocrx_word' id='word_1_11' title='bbox 870 580 1019 660; x_wconf 78' lang='lat' dir='ltr'><strong>ostendit,</strong></span> <span class='ocrx_word' id='word_1_12' title='bbox 1052 580 1144 646; x_wconf 90' lang='lat' dir='ltr'><strong>cuins</strong></span> <span class='ocrx_word' id='word_1_13' title='bbox 1171 579 1223 645; x_wconf 92' lang='lat' dir='ltr'><strong>dei</strong></span> <span class='ocrx_word' id='word_1_14' title='bbox 1251 581 1438 663; x_wconf 75' lang='lat' dir='ltr'><strong>sapientiam</strong></span> 
     </span>
     <span class='ocr_line' id='line_1_3' title="bbox 292 687 1439 772; baseline 0 -20"><span class='ocrx_word' id='word_1_15' title='bbox 292 688 441 772; x_wconf 86' lang='lat' dir='ltr'><strong>loquatur</strong></span> <span class='ocrx_word' id='word_1_16' title='bbox 463 688 545 753; x_wconf 89' lang='lat' dir='ltr'><strong>inter</strong></span> <span class='ocrx_word' id='word_1_17' title='bbox 567 689 737 771; x_wconf 84' lang='lat' dir='ltr'><strong>periectos,</strong></span> <span class='ocrx_word' id='word_1_18' title='bbox 762 688 831 752; x_wconf 89' lang='lat' dir='ltr'><strong>eius</strong></span> <span class='ocrx_word' id='word_1_19' title='bbox 855 687 989 766; x_wconf 84' lang='lat' dir='ltr'><strong>scilic-et,</strong></span> <span class='ocrx_word' id='word_1_20' title='bbox 1018 687 1072 770; x_wconf 88' lang='lat' dir='ltr'><strong>qni</strong></span> <span class='ocrx_word' id='word_1_21' title='bbox 1100 688 1289 771; x_wconf 88' lang='lat' dir='ltr'><strong>sapientiam</strong></span> <span class='ocrx_word' id='word_1_22' title='bbox 1318 688 1439 770; x_wconf 90' lang='lat' dir='ltr'><strong>sapien-</strong></span> 
     </span>
     <span class='ocr_line' id='line_1_4' title="bbox 291 793 1439 878; baseline 0.002 -20"><span class='ocrx_word' id='word_1_23' title='bbox 291 795 373 860; x_wconf 89' lang='lat' dir='ltr'><strong>tium</strong></span> <span class='ocrx_word' id='word_1_24' title='bbox 396 795 567 860; x_wconf 81' lang='lat' dir='ltr'><strong>abstulerit</strong></span> <span class='ocrx_word' id='word_1_25' title='bbox 590 797 622 859; x_wconf 91' lang='lat' dir='ltr'><strong>et</strong></span> <span class='ocrx_word' id='word_1_26' title='bbox 646 793 846 878; x_wconf 75' lang='lat' dir='ltr'>prudentiam</span> <span class='ocrx_word' id='word_1_27' title='bbox 869 795 1074 878; x_wconf 89' lang='lat' dir='ltr'><strong>pmdentium</strong></span> <span class='ocrx_word' id='word_1_28' title='bbox 1092 793 1220 858; x_wconf 81' lang='lat' dir='ltr'><strong>inritam</strong></span> <span class='ocrx_word' id='word_1_29' title='bbox 1240 794 1363 871; x_wconf 85' lang='lat' dir='ltr'><strong>feeerit,</strong></span> <span class='ocrx_word' id='word_1_30' title='bbox 1387 796 1439 878; x_wconf 88' lang='lat' dir='ltr'><strong>qni</strong></span> 
     </span>
     <span class='ocr_line' id='line_1_5' title="bbox 290 900 1441 986; baseline 0.002 -22"><span class='ocrx_word' id='word_1_31' title='bbox 290 901 497 966; x_wconf 83' lang='lat' dir='ltr'><strong>infatuanerit</strong></span> <span class='ocrx_word' id='word_1_32' title='bbox 519 901 675 983; x_wconf 83' lang='lat' dir='ltr'><strong>sapientia</strong></span> <span class='ocrx_word' id='word_1_33' title='bbox 697 900 818 981; x_wconf 90' lang='lat' dir='ltr'><strong>mundi,</strong></span> <span class='ocrx_word' id='word_1_34' title='bbox 846 903 946 967; x_wconf 89' lang='lat' dir='ltr'><strong>stulta</strong></span> <span class='ocrx_word' id='word_1_35' title='bbox 975 900 1097 986; x_wconf 81' lang='lat' dir='ltr'><strong>eligens</strong></span> <span class='ocrx_word' id='word_1_36' title='bbox 1121 901 1191 965; x_wconf 89' lang='lat' dir='ltr'><strong>eius</strong></span> <span class='ocrx_word' id='word_1_37' title='bbox 1214 905 1248 965; x_wconf 90' lang='lat' dir='ltr'><strong>et</strong></span> <span class='ocrx_word' id='word_1_38' title='bbox 1271 901 1441 986; x_wconf 87' lang='lat' dir='ltr'><strong>disponens</strong></span> 
     </span>
     <span class='ocr_line' id='line_1_6' title="bbox 291 1007 1482 1092; baseline -0.002 -20"><span class='ocrx_word' id='word_1_39' title='bbox 291 1008 323 1073; x_wconf 92' lang='lat' dir='ltr'><strong>in</strong></span> <span class='ocrx_word' id='word_1_40' title='bbox 357 1008 505 1075; x_wconf 89' lang='lat' dir='ltr'><strong>salutem.</strong></span> <span class='ocrx_word' id='word_1_41' title='bbox 541 1008 623 1072; x_wconf 90' lang='lat' dir='ltr'><strong>hanc</strong></span> <span class='ocrx_word' id='word_1_42' title='bbox 656 1008 735 1073; x_wconf 90' lang='lat' dir='ltr'><strong>dicit</strong></span> <span class='ocrx_word' id='word_1_43' title='bbox 766 1007 953 1092; x_wconf 82' lang='lat' dir='ltr'><strong>sapientiam</strong></span> <span class='ocrx_word' id='word_1_44' title='bbox 988 1008 1018 1072; x_wconf 91' lang='lat' dir='ltr'><strong>in</strong></span> <span class='ocrx_word' id='word_1_45' title='bbox 1052 1007 1178 1074; x_wconf 88' lang='lat' dir='ltr'><strong>occulto</strong></span> <span class='ocrx_word' id='word_1_46' title='bbox 1211 1008 1324 1088; x_wconf 80' lang='lat' dir='ltr'><strong>tuisse,</strong></span> <span class='ocrx_word' id='word_1_47' title='bbox 1362 1027 1441 1091; x_wconf 88' lang='lat' dir='ltr'><strong>quae</strong></span> <span class='ocrx_word' id='word_1_48' title='bbox 1468 1031 1482 1070; x_wconf 80' lang='lat' dir='ltr'><strong>r</strong></span> 
     </span>
     <span class='ocr_line' id='line_1_7' title="bbox 291 1114 1443 1198; baseline 0.001 -20"><span class='ocrx_word' id='word_1_49' title='bbox 291 1114 441 1179; x_wconf 80' lang='lat' dir='ltr'><strong>fueritin</strong></span> <span class='ocrx_word' id='word_1_50' title='bbox 465 1114 575 1180; x_wconf 84' lang='lat' dir='ltr'><strong>stultis</strong></span> <span class='ocrx_word' id='word_1_51' title='bbox 600 1119 632 1180; x_wconf 84' lang='lat' dir='ltr'><strong>et</strong></span> <span class='ocrx_word' id='word_1_52' title='bbox 654 1115 685 1180; x_wconf 93' lang='lat' dir='ltr'><strong>in</strong></span> <span class='ocrx_word' id='word_1_53' title='bbox 709 1115 837 1198; x_wconf 86' lang='lat' dir='ltr'><strong>pusillis</strong></span> <span class='ocrx_word' id='word_1_54' title='bbox 861 1118 894 1180; x_wconf 91' lang='lat' dir='ltr'><strong>st</strong></span> <span class='ocrx_word' id='word_1_55' title='bbox 915 1116 980 1198; x_wconf 84' lang='lat' dir='ltr'><strong>(in)</strong></span> <span class='ocrx_word' id='word_1_56' title='bbox 1003 1116 1189 1194; x_wconf 80' lang='lat' dir='ltr'><strong>inhonestis,</strong></span> <span class='ocrx_word' id='word_1_57' title='bbox 1208 1134 1288 1198; x_wconf 89' lang='lat' dir='ltr'><strong>quae</strong></span> <span class='ocrx_word' id='word_1_58' title='bbox 1311 1115 1443 1180; x_wconf 84' lang='lat' dir='ltr'><strong>latuerit</strong></span> 
     </span>
     <span class='ocr_line' id='line_1_8' title="bbox 292 1221 1442 1309; baseline 0 -24"><span class='ocrx_word' id='word_1_59' title='bbox 292 1221 389 1285; x_wconf 88' lang='lat' dir='ltr'><strong>etiam</strong></span> <span class='ocrx_word' id='word_1_60' title='bbox 413 1221 472 1286; x_wconf 88' lang='lat' dir='ltr'><strong>sub</strong></span> <span class='ocrx_word' id='word_1_61' title='bbox 496 1222 619 1306; x_wconf 79' lang='lat' dir='ltr'><strong>figuris,</strong></span> <span class='ocrx_word' id='word_1_62' title='bbox 644 1223 805 1306; x_wconf 79' lang='lat' dir='ltr'><strong>allegoriis</strong></span> <span class='ocrx_word' id='word_1_63' title='bbox 830 1226 863 1288; x_wconf 93' lang='lat' dir='ltr'><strong>et</strong></span> <span class='ocrx_word' id='word_1_64' title='bbox 886 1223 1131 1309; x_wconf 79' lang='lat' dir='ltr'><strong>aenigmatibus,</strong></span> <span class='ocrx_word' id='word_1_65' title='bbox 1159 1221 1330 1287; x_wconf 87' lang='lat' dir='ltr'><strong>reuelsnda</strong></span> <span class='ocrx_word' id='word_1_66' title='bbox 1356 1225 1442 1306; x_wconf 89' lang='lat' dir='ltr'><strong>post·</strong></span> 
     </span>
     <span class='ocr_line' id='line_1_9' title="bbox 291 1327 1443 1412; baseline 0.002 -21"><span class='ocrx_word' id='word_1_67' title='bbox 291 1327 422 1392; x_wconf 90' lang='lat' dir='ltr'><strong>modum</strong></span> <span class='ocrx_word' id='word_1_68' title='bbox 449 1328 481 1392; x_wconf 94' lang='lat' dir='ltr'><strong>in</strong></span> <span class='ocrx_word' id='word_1_69' title='bbox 506 1327 643 1408; x_wconf 82' lang='lat' dir='ltr'><strong>Christo,</strong></span> <span class='ocrx_word' id='word_1_70' title='bbox 668 1330 772 1412; x_wconf 88' lang='lat' dir='ltr'><strong>posito</strong></span> <span class='ocrx_word' id='word_1_71' title='bbox 795 1329 827 1394; x_wconf 95' lang='lat' dir='ltr'><strong>in</strong></span> <span class='ocrx_word' id='word_1_72' title='bbox 851 1331 959 1394; x_wconf 90' lang='lat' dir='ltr'><strong>lumen</strong></span> <span class='ocrx_word' id='word_1_73' title='bbox 981 1330 1143 1394; x_wconf 88' lang='lat' dir='ltr'><strong>nationum</strong></span> <span class='ocrx_word' id='word_1_74' title='bbox 1168 1349 1187 1393; x_wconf 90' lang='lat' dir='ltr'><strong>a</strong></span> <span class='ocrx_word' id='word_1_75' title='bbox 1209 1333 1351 1394; x_wconf 85' lang='lat' dir='ltr'><strong>creatore</strong></span> <span class='ocrx_word' id='word_1_76' title='bbox 1373 1348 1443 1412; x_wconf 79' lang='lat' dir='ltr'><strong>pro</strong></span> 
     </span>
     <span class='ocr_line' id='line_1_10' title="bbox 291 1433 1442 1520; baseline 0.001 -23"><span class='ocrx_word' id='word_1_77' title='bbox 291 1433 439 1500; x_wconf 86' lang='lat' dir='ltr'><strong>mittente</strong></span> <span class='ocrx_word' id='word_1_78' title='bbox 453 1454 508 1518; x_wconf 84' lang='lat' dir='ltr'><strong>per</strong></span> <span class='ocrx_word' id='word_1_79' title='bbox 522 1435 634 1500; x_wconf 78' lang='lat' dir='ltr'><strong>Esaiae</strong></span> <span class='ocrx_word' id='word_1_80' title='bbox 648 1455 760 1501; x_wconf 86' lang='lat' dir='ltr'><strong>uocem</strong></span> <span class='ocrx_word' id='word_1_81' title='bbox 775 1436 1008 1520; x_wconf 81' lang='lat' dir='ltr'><strong>patefacturum</strong></span> <span class='ocrx_word' id='word_1_82' title='bbox 1024 1455 1058 1500; x_wconf 89' lang='lat' dir='ltr'><strong>se</strong></span> <span class='ocrx_word' id='word_1_83' title='bbox 1076 1436 1243 1500; x_wconf 88' lang='lat' dir='ltr'><strong>thesauros</strong></span> <span class='ocrx_word' id='word_1_84' title='bbox 1261 1434 1442 1499; x_wconf 90' lang='lat' dir='ltr'><strong>inuisibiles</strong></span> 
     </span>
     <span class='ocr_line' id='line_1_11' title="bbox 293 1539 1482 1625; baseline -0.005 -20"><span class='ocrx_word' id='word_1_85' title='bbox 293 1544 325 1605; x_wconf 91' lang='lat' dir='ltr'><strong>et</strong></span> <span class='ocrx_word' id='word_1_86' title='bbox 349 1541 503 1607; x_wconf 84' lang='lat' dir='ltr'><strong>occultos.</strong></span> <span class='ocrx_word' id='word_1_87' title='bbox 529 1561 600 1607; x_wconf 90' lang='lat' dir='ltr'><strong>nam</strong></span> <span class='ocrx_word' id='word_1_88' title='bbox 624 1547 662 1607; x_wconf 90' lang='lat' dir='ltr'><strong>ut</strong></span> <span class='ocrx_word' id='word_1_89' title='bbox 685 1542 885 1608; x_wconf 87' lang='lat' dir='ltr'><strong>absconderit</strong></span> <span class='ocrx_word' id='word_1_90' title='bbox 903 1542 1024 1625; x_wconf 86' lang='lat' dir='ltr'><strong>aliquid</strong></span> <span class='ocrx_word' id='word_1_91' title='bbox 1042 1541 1070 1606; x_wconf 90' lang='lat' dir='ltr'><strong>is</strong></span> <span class='ocrx_word' id='word_1_92' title='bbox 1089 1542 1178 1618; x_wconf 91' lang='lat' dir='ltr'><strong>dens,</strong></span> <span class='ocrx_word' id='word_1_93' title='bbox 1203 1541 1258 1623; x_wconf 91' lang='lat' dir='ltr'><strong>qui</strong></span> <span class='ocrx_word' id='word_1_94' title='bbox 1276 1539 1357 1604; x_wconf 89' lang='lat' dir='ltr'><strong>nihil</strong></span> <span class='ocrx_word' id='word_1_95' title='bbox 1376 1541 1443 1625; x_wconf 85' lang='lat' dir='ltr'><strong>egit</strong></span> <span class='ocrx_word' id='word_1_96' title='bbox 1459 1561 1482 1599; x_wconf 77' lang='grc' dir='ltr'><strong>ιο</strong></span> 
     </span>
     <span class='ocr_line' id='line_1_12' title="bbox 292 1646 1442 1734; baseline 0 -22"><span class='ocrx_word' id='word_1_97' title='bbox 292 1647 429 1725; x_wconf 88' lang='lat' dir='ltr'><strong>omnino,</strong></span> <span class='ocrx_word' id='word_1_98' title='bbox 443 1649 475 1712; x_wconf 94' lang='lat' dir='ltr'><strong>in</strong></span> <span class='ocrx_word' id='word_1_99' title='bbox 491 1648 576 1734; x_wconf 89' lang='lat' dir='ltr'><strong>quod</strong></span> <span class='ocrx_word' id='word_1_100' title='bbox 591 1649 712 1732; x_wconf 89' lang='lat' dir='ltr'><strong>aliquid</strong></span> <span class='ocrx_word' id='word_1_101' title='bbox 727 1649 932 1715; x_wconf 78' lang='lat' dir='ltr'><strong>abscondisse</strong></span> <span class='ocrx_word' id='word_1_102' title='bbox 950 1649 1195 1726; x_wconf 81' lang='lat' dir='ltr'><strong>existimaretur,</strong></span> <span class='ocrx_word' id='word_1_103' title='bbox 1211 1647 1290 1713; x_wconf 91' lang='lat' dir='ltr'><strong>satis</strong></span> <span class='ocrx_word' id='word_1_104' title='bbox 1307 1646 1442 1712; x_wconf 84' lang='lat' dir='ltr'><strong>incredi-</strong></span> 
     </span>
     <span class='ocr_line' id='line_1_13' title="bbox 291 1753 1442 1839; baseline 0 -21"><span class='ocrx_word' id='word_1_105' title='bbox 291 1753 365 1818; x_wconf 92' lang='lat' dir='ltr'><strong>bile.</strong></span> <span class='ocrx_word' id='word_1_106' title='bbox 387 1755 457 1837; x_wconf 88' lang='lat' dir='ltr'><strong>ipse</strong></span> <span class='ocrx_word' id='word_1_107' title='bbox 481 1755 508 1820; x_wconf 91' lang='lat' dir='ltr'><strong>si</strong></span> <span class='ocrx_word' id='word_1_108' title='bbox 529 1758 625 1832; x_wconf 86' lang='lat' dir='ltr'><strong>esset,</strong></span> <span class='ocrx_word' id='word_1_109' title='bbox 648 1757 748 1820; x_wconf 87' lang='lat' dir='ltr'><strong>latere</strong></span> <span class='ocrx_word' id='word_1_110' title='bbox 767 1774 827 1820; x_wconf 91' lang='lat' dir='ltr'><strong>uon</strong></span> <span class='ocrx_word' id='word_1_111' title='bbox 846 1759 967 1839; x_wconf 84' lang='lat' dir='ltr'><strong>posset,</strong></span> <span class='ocrx_word' id='word_1_112' title='bbox 989 1755 1107 1820; x_wconf 89' lang='lat' dir='ltr'><strong>nedum</strong></span> <span class='ocrx_word' id='word_1_113' title='bbox 1127 1755 1233 1837; x_wconf 90' lang='lat' dir='ltr'><strong>aliqua</strong></span> <span class='ocrx_word' id='word_1_114' title='bbox 1250 1754 1320 1819; x_wconf 90' lang='lat' dir='ltr'><strong>eius</strong></span> <span class='ocrx_word' id='word_1_115' title='bbox 1340 1772 1442 1818; x_wconf 85' lang='lat' dir='ltr'><strong>sacra·</strong></span> 
     </span>
     <span class='ocr_line' id='line_1_14' title="bbox 292 1863 1442 1946; baseline -0.001 -22"><span class='ocrx_word' id='word_1_116' title='bbox 292 1865 407 1928; x_wconf 89' lang='lat' dir='ltr'><strong>menta.</strong></span> <span class='ocrx_word' id='word_1_117' title='bbox 441 1866 564 1928; x_wconf 83' lang='lat' dir='ltr'><strong>creator</strong></span> <span class='ocrx_word' id='word_1_118' title='bbox 596 1865 702 1927; x_wconf 86' lang='lat' dir='ltr'><strong>autem</strong></span> <span class='ocrx_word' id='word_1_119' title='bbox 735 1867 800 1927; x_wconf 90' lang='lat' dir='ltr'><strong>tarn</strong></span> <span class='ocrx_word' id='word_1_120' title='bbox 829 1863 899 1946; x_wconf 90' lang='lat' dir='ltr'><strong>ipse</strong></span> <span class='ocrx_word' id='word_1_121' title='bbox 926 1866 1022 1928; x_wconf 90' lang='lat' dir='ltr'><strong>notus</strong></span> <span class='ocrx_word' id='word_1_122' title='bbox 1051 1881 1146 1944; x_wconf 90' lang='lat' dir='ltr'><strong>quarn</strong></span> <span class='ocrx_word' id='word_1_123' title='bbox 1180 1865 1212 1926; x_wconf 91' lang='lat' dir='ltr'><strong>et</strong></span> <span class='ocrx_word' id='word_1_124' title='bbox 1243 1863 1442 1925; x_wconf 88' lang='lat' dir='ltr'><strong>sacramenta</strong></span> 
     </span>
     <span class='ocr_line' id='line_1_15' title="bbox 292 1965 1441 2053; baseline -0.003 -22"><span class='ocrx_word' id='word_1_125' title='bbox 292 1968 371 2045; x_wconf 85' lang='lat' dir='ltr'><strong>eius,</strong></span> <span class='ocrx_word' id='word_1_126' title='bbox 400 1971 505 2053; x_wconf 88' lang='lat' dir='ltr'><strong>palam</strong></span> <span class='ocrx_word' id='word_1_127' title='bbox 534 1969 659 2035; x_wconf 88' lang='lat' dir='ltr'><strong>seilicet</strong></span> <span class='ocrx_word' id='word_1_128' title='bbox 687 1970 885 2034; x_wconf 79' lang='lat' dir='ltr'><strong>decurrentia</strong></span> <span class='ocrx_word' id='word_1_129' title='bbox 912 1969 996 2052; x_wconf 91' lang='lat' dir='ltr'><strong>apud</strong></span> <span class='ocrx_word' id='word_1_130' title='bbox 1018 1969 1151 2045; x_wconf 81' lang='lat' dir='ltr'><strong>Israhel,</strong></span> <span class='ocrx_word' id='word_1_131' title='bbox 1184 1966 1240 2031; x_wconf 87' lang='lat' dir='ltr'><strong>sed</strong></span> <span class='ocrx_word' id='word_1_132' title='bbox 1272 1967 1312 2030; x_wconf 93' lang='lat' dir='ltr'><strong>de</strong></span> <span class='ocrx_word' id='word_1_133' title='bbox 1345 1965 1441 2050; x_wconf 85' lang='lat' dir='ltr'><strong>signi·</strong></span> 
     </span>
     <span class='ocr_line' id='line_1_16' title="bbox 291 2071 1480 2159; baseline 0.001 -21"><span class='ocrx_word' id='word_1_134' title='bbox 291 2073 426 2140; x_wconf 82' lang='lat' dir='ltr'><strong>licentiis</strong></span> <span class='ocrx_word' id='word_1_135' title='bbox 469 2075 667 2146; x_wconf 82' lang='lat' dir='ltr'><strong>obumbrata,</strong></span> <span class='ocrx_word' id='word_1_136' title='bbox 704 2077 736 2140; x_wconf 94' lang='lat' dir='ltr'><strong>in</strong></span> <span class='ocrx_word' id='word_1_137' title='bbox 778 2077 894 2158; x_wconf 88' lang='lat' dir='ltr'><strong>quibus</strong></span> <span class='ocrx_word' id='word_1_138' title='bbox 940 2075 1095 2159; x_wconf 90' lang='lat' dir='ltr'><strong>sapientia</strong></span> <span class='ocrx_word' id='word_1_139' title='bbox 1135 2074 1186 2140; x_wconf 90' lang='lat' dir='ltr'><strong>dei</strong></span> <span class='ocrx_word' id='word_1_140' title='bbox 1227 2071 1480 2139; x_wconf 66' lang='lat' dir='ltr'><strong>deliberabatur</strong></span> 
     </span>
     <span class='ocr_line' id='line_1_17' title="bbox 290 2179 1468 2266; baseline -0.001 -21"><span class='ocrx_word' id='word_1_141' title='bbox 290 2179 373 2246; x_wconf 88' lang='lat' dir='ltr'><strong>inter</strong></span> <span class='ocrx_word' id='word_1_142' title='bbox 403 2183 559 2266; x_wconf 84' lang='lat' dir='ltr'><strong>perlectos</strong></span> <span class='ocrx_word' id='word_1_143' title='bbox 591 2181 744 2249; x_wconf 90' lang='lat' dir='ltr'><strong>narranda</strong></span> <span class='ocrx_word' id='word_1_144' title='bbox 777 2201 835 2247; x_wconf 88' lang='lat' dir='ltr'><strong>suo</strong></span> <span class='ocrx_word' id='word_1_145' title='bbox 867 2182 899 2247; x_wconf 90' lang='lat' dir='ltr'><strong>in</strong></span> <span class='ocrx_word' id='word_1_146' title='bbox 927 2186 1080 2264; x_wconf 86' lang='lat' dir='ltr'><strong>ternpore,</strong></span> <span class='ocrx_word' id='word_1_147' title='bbox 1113 2181 1276 2265; x_wconf 88' lang='lat' dir='ltr'><strong>proposita</strong></span> <span class='ocrx_word' id='word_1_148' title='bbox 1302 2197 1380 2243; x_wconf 89' lang='lat' dir='ltr'><strong>nero</strong></span> <span class='ocrx_word' id='word_1_149' title='bbox 1408 2179 1468 2244; x_wconf 64' lang='lat' dir='ltr'><strong>in,</strong></span> 
     </span>
     <span class='ocr_line' id='line_1_18' title="bbox 291 2285 1438 2370; baseline -0.003 -18"><span class='ocrx_word' id='word_1_150' title='bbox 291 2289 453 2370; x_wconf 89' lang='lat' dir='ltr'><strong>proposito</strong></span> <span class='ocrx_word' id='word_1_151' title='bbox 478 2289 528 2354; x_wconf 93' lang='lat' dir='ltr'><strong>dei</strong></span> <span class='ocrx_word' id='word_1_152' title='bbox 552 2293 624 2354; x_wconf 87' lang='lat' dir='ltr'><strong>ante</strong></span> <span class='ocrx_word' id='word_1_153' title='bbox 648 2289 783 2354; x_wconf 88' lang='lat' dir='ltr'><strong>saecula.</strong></span> <span class='ocrx_word' id='word_1_154' title='bbox 807 2289 900 2353; x_wconf 89' lang='lat' dir='ltr'><strong>ouius</strong></span> <span class='ocrx_word' id='word_1_155' title='bbox 923 2293 955 2353; x_wconf 91' lang='lat' dir='ltr'><strong>et</strong></span> <span class='ocrx_word' id='word_1_156' title='bbox 974 2289 1110 2365; x_wconf 87' lang='lat' dir='ltr'><strong>saecula,</strong></span> <span class='ocrx_word' id='word_1_157' title='bbox 1135 2286 1196 2352; x_wconf 88' lang='lat' dir='ltr'><strong>uisi</strong></span> <span class='ocrx_word' id='word_1_158' title='bbox 1215 2285 1389 2351; x_wconf 81' lang='lat' dir='ltr'><strong>creatoris?</strong></span> <span class='ocrx_word' id='word_1_159' title='bbox 1412 2285 1438 2348; x_wconf 86' lang='lat' dir='ltr'><strong>si</strong></span> 
     </span>
     <span class='ocr_line' id='line_1_19' title="bbox 292 2391 1438 2480; baseline -0.003 -22"><span class='ocrx_word' id='word_1_160' title='bbox 292 2393 375 2458; x_wconf 89' lang='lat' dir='ltr'><strong>enim</strong></span> <span class='ocrx_word' id='word_1_161' title='bbox 391 2398 424 2458; x_wconf 92' lang='lat' dir='ltr'><strong>et</strong></span> <span class='ocrx_word' id='word_1_162' title='bbox 437 2397 564 2460; x_wconf 86' lang='lat' dir='ltr'><strong>saecula</strong></span> <span class='ocrx_word' id='word_1_163' title='bbox 578 2396 775 2480; x_wconf 86' lang='lat' dir='ltr'><strong>temporibus</strong></span> <span class='ocrx_word' id='word_1_164' title='bbox 796 2400 918 2462; x_wconf 87' lang='lat' dir='ltr'><strong>stmcta</strong></span> <span class='ocrx_word' id='word_1_165' title='bbox 936 2399 1020 2470; x_wconf 86' lang='lat' dir='ltr'><strong>sunt,</strong></span> <span class='ocrx_word' id='word_1_166' title='bbox 1039 2399 1182 2477; x_wconf 89' lang='lat' dir='ltr'><strong>tempora</strong></span> <span class='ocrx_word' id='word_1_167' title='bbox 1200 2397 1307 2457; x_wconf 86' lang='lat' dir='ltr'><strong>autem</strong></span> <span class='ocrx_word' id='word_1_168' title='bbox 1325 2391 1438 2456; x_wconf 91' lang='lat' dir='ltr'><strong>diebus</strong></span> 
     </span>
     <span class='ocr_line' id='line_1_20' title="bbox 293 2499 1440 2587; baseline -0.002 -25"><span class='ocrx_word' id='word_1_169' title='bbox 293 2503 324 2562; x_wconf 90' lang='lat' dir='ltr'><strong>et</strong></span> <span class='ocrx_word' id='word_1_170' title='bbox 347 2500 511 2565; x_wconf 89' lang='lat' dir='ltr'><strong>mensibus</strong></span> <span class='ocrx_word' id='word_1_171' title='bbox 536 2505 568 2565; x_wconf 90' lang='lat' dir='ltr'><strong>et</strong></span> <span class='ocrx_word' id='word_1_172' title='bbox 592 2503 679 2566; x_wconf 86' lang='lat' dir='ltr'><strong>annia</strong></span> <span class='ocrx_word' id='word_1_173' title='bbox 703 2503 960 2587; x_wconf 87' lang='lat' dir='ltr'><strong>compinguntur,</strong></span> <span class='ocrx_word' id='word_1_174' title='bbox 989 2501 1057 2567; x_wconf 91' lang='lat' dir='ltr'><strong>dies</strong></span> <span class='ocrx_word' id='word_1_175' title='bbox 1085 2519 1178 2585; x_wconf 91' lang='lat' dir='ltr'><strong>porro</strong></span> <span class='ocrx_word' id='word_1_176' title='bbox 1201 2503 1234 2565; x_wconf 89' lang='lat' dir='ltr'><strong>et</strong></span> <span class='ocrx_word' id='word_1_177' title='bbox 1255 2517 1385 2564; x_wconf 87' lang='lat' dir='ltr'><strong>menses</strong></span> <span class='ocrx_word' id='word_1_178' title='bbox 1407 2499 1440 2561; x_wconf 87' lang='lat' dir='ltr'><strong>et</strong></span> 
     </span>
     <span class='ocr_line' id='line_1_21' title="bbox 292 2603 1480 2689; baseline 0.003 -21"><span class='ocrx_word' id='word_1_179' title='bbox 292 2603 365 2668; x_wconf 90' lang='lat' dir='ltr'><strong>anni</strong></span> <span class='ocrx_word' id='word_1_180' title='bbox 393 2605 516 2672; x_wconf 88' lang='lat' dir='ltr'><strong>solibus</strong></span> <span class='ocrx_word' id='word_1_181' title='bbox 546 2611 578 2671; x_wconf 91' lang='lat' dir='ltr'><strong>et</strong></span> <span class='ocrx_word' id='word_1_182' title='bbox 604 2607 689 2672; x_wconf 92' lang='lat' dir='ltr'><strong>lunis</strong></span> <span class='ocrx_word' id='word_1_183' title='bbox 719 2611 752 2672; x_wconf 86' lang='lat' dir='ltr'><strong>et</strong></span> <span class='ocrx_word' id='word_1_184' title='bbox 779 2608 937 2674; x_wconf 87' lang='lat' dir='ltr'><strong>sideribus</strong></span> <span class='ocrx_word' id='word_1_185' title='bbox 961 2607 1111 2672; x_wconf 87' lang='lat' dir='ltr'><strong>creatoris</strong></span> <span class='ocrx_word' id='word_1_186' title='bbox 1135 2607 1302 2689; x_wconf 81' lang='lat' dir='ltr'><strong>signantur</strong></span> <span class='ocrx_word' id='word_1_187' title='bbox 1323 2606 1355 2670; x_wconf 91' lang='lat' dir='ltr'><strong>in</strong></span> <span class='ocrx_word' id='word_1_188' title='bbox 1380 2605 1480 2671; x_wconf 72' lang='lat' dir='ltr'><strong>boon</strong></span> 
     </span>
     <span class='ocr_line' id='line_1_22' title="bbox 292 2711 1439 2797; baseline 0.002 -23"><span class='ocrx_word' id='word_1_189' title='bbox 292 2711 331 2775; x_wconf 92' lang='lat' dir='ltr'><strong>ab</strong></span> <span class='ocrx_word' id='word_1_190' title='bbox 355 2731 391 2776; x_wconf 93' lang='lat' dir='ltr'><strong>eo</strong></span> <span class='ocrx_word' id='word_1_191' title='bbox 415 2713 541 2795; x_wconf 81' lang='lat' dir='ltr'><strong>positia,</strong></span> <span class='ocrx_word' id='word_1_192' title='bbox 562 2749 604 2759; x_wconf 91' lang='lat'><strong>--</strong></span> <span class='ocrx_word' id='word_1_193' title='bbox 626 2716 662 2778; x_wconf 91' lang='lat' dir='ltr'><strong>et</strong></span> <span class='ocrx_word' id='word_1_194' title='bbox 684 2717 793 2778; x_wconf 89' lang='lat' dir='ltr'><strong>erunt</strong></span> <span class='ocrx_word' id='word_1_195' title='bbox 817 2715 911 2794; x_wconf 91' lang='lat' dir='ltr'><strong>enirn,</strong></span> <span class='ocrx_word' id='word_1_196' title='bbox 928 2713 1043 2797; x_wconf 85' lang='lat' dir='ltr'><strong>inquit,</strong></span> <span class='ocrx_word' id='word_1_197' title='bbox 1062 2713 1098 2776; x_wconf 92' lang='lat' dir='ltr'><strong>in</strong></span> <span class='ocrx_word' id='word_1_198' title='bbox 1123 2713 1231 2797; x_wconf 82' lang='lat' dir='ltr'><strong>signa</strong></span> <span class='ocrx_word' id='word_1_199' title='bbox 1253 2713 1439 2777; x_wconf 88' lang='lat' dir='ltr'><strong>meusium</strong></span> 
     </span>
     <span class='ocr_line' id='line_1_23' title="bbox 293 2820 1439 2903; baseline 0.004 -22"><span class='ocrx_word' id='word_1_200' title='bbox 293 2820 331 2881; x_wconf 88' lang='lat' dir='ltr'><strong>et</strong></span> <span class='ocrx_word' id='word_1_201' title='bbox 358 2837 534 2883; x_wconf 88' lang='lat' dir='ltr'><strong>annorum</strong></span> <span class='ocrx_word' id='word_1_202' title='bbox 563 2858 603 2866; x_wconf 91' lang='lat'><strong>-</strong></span> <span class='ocrx_word' id='word_1_203' title='bbox 629 2825 761 2903; x_wconf 87' lang='lat' dir='ltr'><strong>apparet</strong></span> <span class='ocrx_word' id='word_1_204' title='bbox 784 2825 816 2886; x_wconf 89' lang='lat' dir='ltr'><strong>et</strong></span> <span class='ocrx_word' id='word_1_205' title='bbox 844 2821 973 2886; x_wconf 89' lang='lat' dir='ltr'><strong>saecula</strong></span> <span class='ocrx_word' id='word_1_206' title='bbox 1002 2820 1152 2884; x_wconf 85' lang='lat' dir='ltr'><strong>creatoris</strong></span> <span class='ocrx_word' id='word_1_207' title='bbox 1181 2838 1251 2884; x_wconf 88' lang='lat' dir='ltr'><strong>esse</strong></span> <span class='ocrx_word' id='word_1_208' title='bbox 1280 2823 1313 2883; x_wconf 90' lang='lat' dir='ltr'><strong>et</strong></span> <span class='ocrx_word' id='word_1_209' title='bbox 1335 2837 1439 2886; x_wconf 86' lang='lat' dir='ltr'><strong>omne.</strong></span> 
     </span>
     <span class='ocr_line' id='line_1_24' title="bbox 292 2925 1438 3010; baseline -0.001 -22"><span class='ocrx_word' id='word_1_210' title='bbox 292 2925 377 3006; x_wconf 90' lang='lat' dir='ltr'><strong>quod</strong></span> <span class='ocrx_word' id='word_1_211' title='bbox 396 2929 468 2989; x_wconf 89' lang='lat' dir='ltr'><strong>ante</strong></span> <span class='ocrx_word' id='word_1_212' title='bbox 492 2927 620 2990; x_wconf 88' lang='lat' dir='ltr'><strong>saecula</strong></span> <span class='ocrx_word' id='word_1_213' title='bbox 638 2927 838 3010; x_wconf 88' lang='lat' dir='ltr'><strong>propositum</strong></span> <span class='ocrx_word' id='word_1_214' title='bbox 858 2927 991 3006; x_wconf 85' lang='lat' dir='ltr'><strong>dicatur,</strong></span> <span class='ocrx_word' id='word_1_215' title='bbox 1011 2945 1071 2990; x_wconf 91' lang='lat' dir='ltr'><strong>non</strong></span> <span class='ocrx_word' id='word_1_216' title='bbox 1091 2927 1222 2991; x_wconf 87' lang='lat' dir='ltr'><strong>alterius</strong></span> <span class='ocrx_word' id='word_1_217' title='bbox 1242 2944 1324 3001; x_wconf 86' lang='lat' dir='ltr'><strong>esse,</strong></span> <span class='ocrx_word' id='word_1_218' title='bbox 1343 2943 1438 3006; x_wconf 87' lang='lat' dir='ltr'><strong>quam</strong></span> 
     </span>
     <span class='ocr_line' id='line_1_25' title="bbox 293 3031 1441 3115; baseline 0.002 -21"><span class='ocrx_word' id='word_1_219' title='bbox 293 3031 384 3096; x_wconf 90' lang='lat' dir='ltr'><strong>euius</strong></span> <span class='ocrx_word' id='word_1_220' title='bbox 409 3035 441 3096; x_wconf 88' lang='lat' dir='ltr'><strong>et</strong></span> <span class='ocrx_word' id='word_1_221' title='bbox 465 3033 600 3099; x_wconf 85' lang='lat' dir='ltr'><strong>saecula.</strong></span> <span class='ocrx_word' id='word_1_222' title='bbox 624 3037 680 3097; x_wconf 88' lang='lat' dir='ltr'><strong>aut</strong></span> <span class='ocrx_word' id='word_1_223' title='bbox 698 3033 810 3115; x_wconf 87' lang='lat' dir='ltr'><strong>probat</strong></span> <span class='ocrx_word' id='word_1_224' title='bbox 829 3033 879 3096; x_wconf 90' lang='lat' dir='ltr'><strong>dei</strong></span> <span class='ocrx_word' id='word_1_225' title='bbox 898 3033 948 3097; x_wconf 90' lang='lat' dir='ltr'><strong>sui</strong></span> <span class='ocrx_word' id='word_1_226' title='bbox 967 3033 1093 3097; x_wconf 86' lang='lat' dir='ltr'><strong>saecula</strong></span> <span class='ocrx_word' id='word_1_227' title='bbox 1111 3032 1267 3106; x_wconf 75' lang='lat' dir='ltr'><strong>Marciam</strong></span> <span class='ocrx_word' id='word_1_228' title='bbox 1292 3031 1441 3096; x_wconf 86' lang='lat' dir='ltr'><strong>ostendat</strong></span> 
     </span>
     <span class='ocr_line' id='line_1_26' title="bbox 292 3136 1480 3221; baseline 0.002 -21"><span class='ocrx_word' id='word_1_229' title='bbox 292 3138 325 3200; x_wconf 88' lang='lat' dir='ltr'><strong>et</strong></span> <span class='ocrx_word' id='word_1_230' title='bbox 339 3139 492 3203; x_wconf 88' lang='lat' dir='ltr'><strong>mundum</strong></span> <span class='ocrx_word' id='word_1_231' title='bbox 506 3139 623 3220; x_wconf 85' lang='lat' dir='ltr'><strong>ipsum.</strong></span> <span class='ocrx_word' id='word_1_232' title='bbox 638 3139 669 3203; x_wconf 93' lang='lat' dir='ltr'><strong>in</strong></span> <span class='ocrx_word' id='word_1_233' title='bbox 692 3158 753 3221; x_wconf 89' lang='lat' dir='ltr'><strong>quo</strong></span> <span class='ocrx_word' id='word_1_234' title='bbox 773 3139 900 3204; x_wconf 85' lang='lat' dir='ltr'><strong>saecula</strong></span> <span class='ocrx_word' id='word_1_235' title='bbox 916 3138 1117 3221; x_wconf 86' lang='lat' dir='ltr'><strong>deputentur,</strong></span> <span class='ocrx_word' id='word_1_236' title='bbox 1131 3157 1189 3203; x_wconf 86' lang='lat' dir='ltr'><strong>uas</strong></span> <span class='ocrx_word' id='word_1_237' title='bbox 1204 3136 1439 3220; x_wconf 87' lang='lat' dir='ltr'><strong>quodammodo</strong></span> <span class='ocrx_word' id='word_1_238' title='bbox 1454 3161 1480 3202; x_wconf 72' lang='lat' dir='ltr'><strong>a</strong></span> 
     </span>
     <span class='ocr_line' id='line_1_27' title="bbox 292 3244 1439 3329; baseline 0 -23"><span class='ocrx_word' id='word_1_239' title='bbox 292 3249 482 3327; x_wconf 87' lang='lat' dir='ltr'><strong>temporum,</strong></span> <span class='ocrx_word' id='word_1_240' title='bbox 507 3248 539 3308; x_wconf 90' lang='lat' dir='ltr'><strong>et</strong></span> <span class='ocrx_word' id='word_1_241' title='bbox 563 3245 652 3329; x_wconf 85' lang='lat' dir='ltr'><strong>signa</strong></span> <span class='ocrx_word' id='word_1_242' title='bbox 677 3245 783 3329; x_wconf 88' lang='lat' dir='ltr'><strong>aliqua</strong></span> <span class='ocrx_word' id='word_1_243' title='bbox 805 3245 859 3310; x_wconf 90' lang='lat' dir='ltr'><strong>uel</strong></span> <span class='ocrx_word' id='word_1_244' title='bbox 883 3263 1000 3329; x_wconf 87' lang='lat' dir='ltr'><strong>organa</strong></span> <span class='ocrx_word' id='word_1_245' title='bbox 1024 3263 1142 3310; x_wconf 89' lang='lat' dir='ltr'><strong>eorum.</strong></span> <span class='ocrx_word' id='word_1_246' title='bbox 1162 3244 1190 3309; x_wconf 92' lang='lat' dir='ltr'><strong>si</strong></span> <span class='ocrx_word' id='word_1_247' title='bbox 1209 3244 1289 3308; x_wconf 91' lang='lat' dir='ltr'><strong>nihil</strong></span> <span class='ocrx_word' id='word_1_248' title='bbox 1311 3244 1439 3310; x_wconf 88' lang='lat' dir='ltr'><strong>demon·</strong></span> 
     </span>
     <span class='ocr_line' id='line_1_28' title="bbox 293 3351 1439 3432; baseline -0.002 -18"><span class='ocrx_word' id='word_1_249' title='bbox 293 3354 382 3432; x_wconf 91' lang='lat' dir='ltr'><strong>strat,</strong></span> <span class='ocrx_word' id='word_1_250' title='bbox 400 3355 552 3428; x_wconf 79' lang='lat' dir='ltr'><strong>repertor,</strong></span> <span class='ocrx_word' id='word_1_251' title='bbox 572 3357 608 3416; x_wconf 88' lang='lat' dir='ltr'><strong>ut</strong></span> <span class='ocrx_word' id='word_1_252' title='bbox 627 3356 659 3416; x_wconf 92' lang='lat' dir='ltr'><strong>et</strong></span> <span class='ocrx_word' id='word_1_253' title='bbox 678 3352 758 3416; x_wconf 88' lang='lat' dir='ltr'><strong>illud</strong></span> <span class='ocrx_word' id='word_1_254' title='bbox 778 3352 896 3416; x_wconf 87' lang='lat' dir='ltr'><strong>dicam:</strong></span> <span class='ocrx_word' id='word_1_255' title='bbox 917 3371 974 3415; x_wconf 92' lang='lat' dir='ltr'><strong>our</strong></span> <span class='ocrx_word' id='word_1_256' title='bbox 992 3357 1099 3416; x_wconf 89' lang='lat' dir='ltr'><strong>autern</strong></span> <span class='ocrx_word' id='word_1_257' title='bbox 1119 3355 1192 3416; x_wconf 89' lang='lat' dir='ltr'><strong>ante</strong></span> <span class='ocrx_word' id='word_1_258' title='bbox 1211 3351 1338 3416; x_wconf 89' lang='lat' dir='ltr'><strong>saecula</strong></span> <span class='ocrx_word' id='word_1_259' title='bbox 1356 3369 1439 3414; x_wconf 88' lang='lat' dir='ltr'><strong>crea-</strong></span> 
     </span>
    </p>
   </div>
   <div class='ocr_carea' id='block_1_3' title="bbox 291 3628 1438 3878">
    <p class='ocr_par' dir='ltr' id='par_1_3' title="bbox 291 3628 1438 3878">
     <span class='ocr_line' id='line_1_29' title="bbox 383 3628 1437 3700; baseline 0 -17"><span class='ocrx_word' id='word_1_260' title='bbox 383 3629 407 3697; x_wconf 90' lang='grc'><strong>1]</strong></span> <span class='ocrx_word' id='word_1_261' title='bbox 428 3629 574 3686; x_wconf 80' lang='lat' dir='ltr'><strong>clICor.</strong></span> <span class='ocrx_word' id='word_1_262' title='bbox 595 3632 620 3694; x_wconf 90' lang='lat'><strong>2,</strong></span> <span class='ocrx_word' id='word_1_263' title='bbox 640 3632 665 3687; x_wconf 92' lang='grc'><strong>6.</strong></span> <span class='ocrx_word' id='word_1_264' title='bbox 707 3632 733 3700; x_wconf 86' lang='grc'><strong>2]</strong></span> <span class='ocrx_word' id='word_1_265' title='bbox 753 3630 787 3685; x_wconf 81' lang='lat' dir='ltr'><strong>oi.</strong></span> <span class='ocrx_word' id='word_1_266' title='bbox 808 3629 915 3693; x_wconf 69' lang='lat' dir='ltr'><strong>aare,</strong></span> <span class='ocrx_word' id='word_1_267' title='bbox 938 3631 979 3684; x_wconf 85' lang='grc'><strong>14.</strong></span> <span class='ocrx_word' id='word_1_268' title='bbox 1020 3629 1321 3699; x_wconf 78' lang='lat' dir='ltr'><strong>⁴llcf.ICor.l,2ll.</strong></span> <span class='ocrx_word' id='word_1_269' title='bbox 1362 3628 1437 3698; x_wconf 71' lang='lat' dir='ltr'><strong>bloi.</strong></span> 
     </span>
     <span class='ocr_line' id='line_1_30' title="bbox 291 3716 1438 3788; baseline 0.001 -17"><span class='ocrx_word' id='word_1_270' title='bbox 291 3716 385 3773; x_wconf 83' lang='lat' dir='ltr'><strong>ICor.</strong></span> <span class='ocrx_word' id='word_1_271' title='bbox 404 3720 428 3782; x_wconf 84' lang='lat'><strong>2,</strong></span> <span class='ocrx_word' id='word_1_272' title='bbox 448 3720 474 3772; x_wconf 79' lang='grc'><strong>7.</strong></span> <span class='ocrx_word' id='word_1_273' title='bbox 528 3720 556 3788; x_wconf 90' lang='grc'><strong>8]</strong></span> <span class='ocrx_word' id='word_1_274' title='bbox 576 3719 609 3773; x_wconf 83' lang='lat' dir='ltr'><strong>el.</strong></span> <span class='ocrx_word' id='word_1_275' title='bbox 629 3719 673 3774; x_wconf 84' lang='lat' dir='ltr'><strong>Es.</strong></span> <span class='ocrx_word' id='word_1_276' title='bbox 692 3720 736 3788; x_wconf 84' lang='lat'><strong>49,</strong></span> <span class='ocrx_word' id='word_1_277' title='bbox 755 3723 780 3775; x_wconf 90' lang='grc'><strong>6.</strong></span> <span class='ocrx_word' id='word_1_278' title='bbox 836 3721 864 3788; x_wconf 88' lang='grc'><strong>9]</strong></span> <span class='ocrx_word' id='word_1_279' title='bbox 885 3719 984 3774; x_wconf 71' lang='lat' dir='ltr'><strong>ollis.</strong></span> <span class='ocrx_word' id='word_1_280' title='bbox 1003 3721 1047 3787; x_wconf 79' lang='lat'><strong>45,</strong></span> <span class='ocrx_word' id='word_1_281' title='bbox 1066 3721 1093 3774; x_wconf 84' lang='grc'><strong>3.</strong></span> <span class='ocrx_word' id='word_1_282' title='bbox 1149 3721 1192 3788; x_wconf 88' lang='grc'><strong>161</strong></span> <span class='ocrx_word' id='word_1_283' title='bbox 1212 3718 1246 3772; x_wconf 81' lang='lat' dir='ltr'><strong>ol.</strong></span> <span class='ocrx_word' id='word_1_284' title='bbox 1265 3719 1278 3772; x_wconf 96' lang='lat' dir='ltr'><strong>l</strong></span> <span class='ocrx_word' id='word_1_285' title='bbox 1297 3719 1358 3772; x_wconf 81' lang='lat' dir='ltr'><strong>(lor.</strong></span> <span class='ocrx_word' id='word_1_286' title='bbox 1371 3719 1398 3783; x_wconf 85' lang='lat'><strong>2,</strong></span> <span class='ocrx_word' id='word_1_287' title='bbox 1413 3719 1438 3772; x_wconf 80' lang='grc'><strong>7.</strong></span> 
     </span>
     <span class='ocr_line' id='line_1_31' title="bbox 292 3807 1103 3878; baseline 0.001 -16"><span class='ocrx_word' id='word_1_288' title='bbox 292 3810 337 3878; x_wconf 86' lang='grc'><strong>21]</strong></span> <span class='ocrx_word' id='word_1_289' title='bbox 358 3807 425 3864; x_wconf 86' lang='lat' dir='ltr'><strong>Gen.</strong></span> <span class='ocrx_word' id='word_1_290' title='bbox 447 3809 470 3872; x_wconf 90' lang='lat' dir='ltr'><strong>l,</strong></span> <span class='ocrx_word' id='word_1_291' title='bbox 492 3810 533 3863; x_wconf 78' lang='lat'><strong>14,</strong></span> <span class='ocrx_word' id='word_1_292' title='bbox 588 3809 633 3878; x_wconf 86' lang='grc'><strong>23]</strong></span> <span class='ocrx_word' id='word_1_293' title='bbox 655 3809 688 3862; x_wconf 86' lang='lat' dir='ltr'><strong>cl.</strong></span> <span class='ocrx_word' id='word_1_294' title='bbox 707 3809 720 3862; x_wconf 95' lang='lat' dir='ltr'><strong>l</strong></span> <span class='ocrx_word' id='word_1_295' title='bbox 740 3808 800 3864; x_wconf 83' lang='lat' dir='ltr'><strong>Cor.</strong></span> <span class='ocrx_word' id='word_1_296' title='bbox 819 3809 846 3874; x_wconf 82' lang='lat'><strong>2,</strong></span> <span class='ocrx_word' id='word_1_297' title='bbox 866 3811 891 3863; x_wconf 80' lang='lat'><strong>7.</strong></span> <span class='ocrx_word' id='word_1_298' title='bbox 946 3810 992 3878; x_wconf 86' lang='lat'><strong>27]</strong></span> <span class='ocrx_word' id='word_1_299' title='bbox 1012 3809 1047 3864; x_wconf 82' lang='lat' dir='ltr'><strong>of.</strong></span> <span class='ocrx_word' id='word_1_300' title='bbox 1065 3810 1103 3863; x_wconf 88' lang='lat' dir='ltr'><strong>ib.</strong></span> 
     </span>
    </p>
   </div>
   <div class='ocr_carea' id='block_1_4' title="bbox 291 4018 1440 4354">
    <p class='ocr_par' dir='ltr' id='par_1_4' title="bbox 291 4018 1440 4354">
     <span class='ocr_line' id='line_1_32' title="bbox 327 4018 1440 4090; baseline 0.001 -18"><span class='ocrx_word' id='word_1_301' title='bbox 327 4019 526 4088; x_wconf 65' lang='lat' dir='ltr'><strong>hsapientium</strong></span> <span class='ocrx_word' id='word_1_302' title='bbox 546 4019 595 4074; x_wconf 85' lang='lat' dir='ltr'><strong>R³.</strong></span> <span class='ocrx_word' id='word_1_303' title='bbox 614 4021 767 4090; x_wconf 86' lang='lat' dir='ltr'><strong>sapientum</strong></span> <span class='ocrx_word' id='word_1_304' title='bbox 788 4019 863 4074; x_wconf 77' lang='grc' dir='ltr'><strong>11111ι</strong></span> <span class='ocrx_word' id='word_1_305' title='bbox 925 4021 942 4074; x_wconf 92' lang='grc'><strong>6</strong></span> <span class='ocrx_word' id='word_1_306' title='bbox 962 4019 988 4073; x_wconf 89' lang='lat' dir='ltr'><strong>in</strong></span> <span class='ocrx_word' id='word_1_307' title='bbox 1010 4019 1111 4073; x_wconf 81' lang='lat' dir='ltr'><strong>addidi</strong></span> <span class='ocrx_word' id='word_1_308' title='bbox 1172 4019 1189 4072; x_wconf 87' lang='lat' dir='ltr'><strong>&#39;l</strong></span> <span class='ocrx_word' id='word_1_309' title='bbox 1208 4018 1347 4088; x_wconf 77' lang='lat' dir='ltr'><strong>allegoriis</strong></span> <span class='ocrx_word' id='word_1_310' title='bbox 1366 4020 1440 4073; x_wconf 71' lang='lat' dir='ltr'><strong>Pan</strong></span> 
     </span>
     <span class='ocr_line' id='line_1_33' title="bbox 292 4107 1440 4178; baseline 0 -18"><span class='ocrx_word' id='word_1_311' title='bbox 292 4110 338 4175; x_wconf 80' lang='lat' dir='ltr'><strong>(es.</strong></span> <span class='ocrx_word' id='word_1_312' title='bbox 361 4111 427 4171; x_wconf 78' lang='lat'><strong>569,</strong></span> <span class='ocrx_word' id='word_1_313' title='bbox 450 4111 489 4172; x_wconf 86' lang='lat'><strong>9):</strong></span> <span class='ocrx_word' id='word_1_314' title='bbox 510 4108 664 4177; x_wconf 83' lang='lat' dir='ltr'><strong>allegoricis</strong></span> <span class='ocrx_word' id='word_1_315' title='bbox 683 4109 745 4164; x_wconf 85' lang='lat' dir='ltr'><strong>MR</strong></span> <span class='ocrx_word' id='word_1_316' title='bbox 810 4110 844 4163; x_wconf 89' lang='lat'><strong>10</strong></span> <span class='ocrx_word' id='word_1_317' title='bbox 864 4110 922 4178; x_wconf 81' lang='lat' dir='ltr'><strong>egit</strong></span> <span class='ocrx_word' id='word_1_318' title='bbox 939 4109 975 4169; x_wconf 85' lang='lat' dir='ltr'><strong>R,</strong></span> <span class='ocrx_word' id='word_1_319' title='bbox 994 4108 1064 4178; x_wconf 86' lang='lat' dir='ltr'><strong>legit</strong></span> <span class='ocrx_word' id='word_1_320' title='bbox 1081 4107 1147 4162; x_wconf 69' lang='grc' dir='ltr'><strong>ΜΕ</strong></span> <span class='ocrx_word' id='word_1_321' title='bbox 1200 4107 1232 4161; x_wconf 90' lang='grc'><strong>16</strong></span> <span class='ocrx_word' id='word_1_322' title='bbox 1251 4109 1279 4161; x_wconf 90' lang='lat' dir='ltr'><strong>in</strong></span> <span class='ocrx_word' id='word_1_323' title='bbox 1297 4109 1440 4178; x_wconf 82' lang='lat' dir='ltr'><strong>proposito</strong></span> 
     </span>
     <span class='ocr_line' id='line_1_34' title="bbox 291 4193 1439 4266; baseline 0 -17"><span class='ocrx_word' id='word_1_324' title='bbox 291 4193 375 4258; x_wconf 74' lang='lat' dir='ltr'><strong>mt’,</strong></span> <span class='ocrx_word' id='word_1_325' title='bbox 397 4195 425 4248; x_wconf 90' lang='lat' dir='ltr'><strong>iu</strong></span> <span class='ocrx_word' id='word_1_326' title='bbox 450 4198 589 4265; x_wconf 89' lang='lat' dir='ltr'><strong>proposita</strong></span> <span class='ocrx_word' id='word_1_327' title='bbox 611 4196 652 4251; x_wconf 80' lang='lat' dir='ltr'><strong>R¹</strong></span> <span class='ocrx_word' id='word_1_328' title='bbox 737 4199 771 4252; x_wconf 86' lang='grc'><strong>26</strong></span> <span class='ocrx_word' id='word_1_329' title='bbox 796 4214 899 4266; x_wconf 83' lang='lat' dir='ltr'><strong>organa</strong></span> <span class='ocrx_word' id='word_1_330' title='bbox 922 4213 1014 4250; x_wconf 89' lang='lat' dir='ltr'><strong>eorum</strong></span> <span class='ocrx_word' id='word_1_331' title='bbox 1036 4197 1147 4264; x_wconf 81' lang='lat' dir='ltr'><strong>scripsi:</strong></span> <span class='ocrx_word' id='word_1_332' title='bbox 1171 4201 1343 4250; x_wconf 86' lang='lat' dir='ltr'><strong>ortaneorurn</strong></span> <span class='ocrx_word' id='word_1_333' title='bbox 1367 4195 1439 4262; x_wconf 76' lang='grc' dir='ltr'><strong>ΜΒ,</strong></span> 
     </span>
     <span class='ocr_line' id='line_1_35' title="bbox 291 4283 1400 4354; baseline 0.002 -18"><span class='ocrx_word' id='word_1_334' title='bbox 291 4286 381 4337; x_wconf 84' lang='lat' dir='ltr'><strong>ortum</strong></span> <span class='ocrx_word' id='word_1_335' title='bbox 401 4301 491 4337; x_wconf 83' lang='lat' dir='ltr'><strong>eorum</strong></span> <span class='ocrx_word' id='word_1_336' title='bbox 512 4284 551 4338; x_wconf 81' lang='lat' dir='ltr'><strong>R³</strong></span> <span class='ocrx_word' id='word_1_337' title='bbox 569 4285 610 4352; x_wconf 81' lang='lat' dir='ltr'><strong>(iu</strong></span> <span class='ocrx_word' id='word_1_338' title='bbox 628 4289 702 4354; x_wconf 66' lang='lat' dir='ltr'><strong>me),</strong></span> <span class='ocrx_word' id='word_1_339' title='bbox 721 4289 800 4340; x_wconf 85' lang='lat' dir='ltr'><strong>nolas</strong></span> <span class='ocrx_word' id='word_1_340' title='bbox 821 4301 913 4339; x_wconf 88' lang='lat' dir='ltr'><strong>eornm</strong></span> <span class='ocrx_word' id='word_1_341' title='bbox 937 4285 996 4353; x_wconf 82' lang='lat' dir='ltr'><strong>Ura,</strong></span> <span class='ocrx_word' id='word_1_342' title='bbox 1016 4284 1136 4338; x_wconf 87' lang='lat' dir='ltr'><strong>ordinem</strong></span> <span class='ocrx_word' id='word_1_343' title='bbox 1155 4301 1247 4338; x_wconf 87' lang='lat' dir='ltr'><strong>eorum</strong></span> <span class='ocrx_word' id='word_1_344' title='bbox 1270 4283 1400 4339; x_wconf 75' lang='lat' dir='ltr'><strong>Oehlerara</strong></span> 
     </span>
    </p>
   </div>
   <div class='ocr_carea' id='block_1_5' title="bbox 0 0 1633 4959">
    <p class='ocr_par' dir='ltr' id='par_1_5' title="bbox 0 0 1633 4959">
     <span class='ocr_line' id='line_1_36' title="bbox 0 0 1633 4959; baseline 0 0"><span class='ocrx_word' id='word_1_345' title='bbox 0 0 1633 4959; x_wconf 95' lang='lat' dir='ltr'><strong> </strong></span> 
     </span>
    </p>
   </div>
  </div>
 </body>
</html>
