3250 4959
385 381 446 435 vn.
464 380 633 436 Aduersus
650 383 848 436 Marcionem
866 382 915 439 lib.
934 381 947 437 1
966 383 1063 438 9-11.
1235 387 1302 449 303

148 593 207 640 neo
241 576 325 639 anim
358 575 387 640 si
419 574 580 658 aliquanto
612 576 769 659 posterior
795 577 926 659 Moyses
954 577 1076 658 primus
1109 577 1238 642 uidetur
1267 575 1300 642 in

148 683 272 763 templo
308 681 488 746 litterarum
525 701 655 746 suarum
693 682 787 747 deum
825 683 935 747 mundi
972 682 1146 760 dedicasse,
1182 682 1302 749 ideireo

149 788 415 853 aPentateuoho
443 787 565 854 natales
597 788 769 873 agnitionis
802 790 1071 873 supputabuntur,
1105 808 1177 854 oum
1210 794 1301 856 totus

147 895 274 978 Moysei
292 894 390 960 stilus
409 895 555 960 notitiam
580 895 730 960 oreatoris
749 915 810 960 non
830 895 989 972 instituat,
1014 896 1072 960 sed
1090 915 1108 960 a
1126 897 1301 978 primordio

115 1005 284 1078 renarrat,
308 1001 491 1083 aparadiso
511 1006 544 1066 et
561 1003 676 1080 Adam,
699 1021 760 1066 non
779 1001 818 1066 ab
838 1003 984 1085 Aegypto
1009 1007 1042 1066 et
1060 1003 1172 1086 Moyse
1194 1022 1298 1068 reeen-

148 1107 291 1171 sendam.
311 1108 446 1190 denique
464 1109 565 1174 maior
582 1110 779 1192 popularitas
798 1111 924 1192 generis
943 1109 1084 1186 humani,
1105 1129 1144 1174 ne
1162 1109 1300 1175 nominis

147 1213 279 1294 quidem
305 1214 433 1297 Moysei
460 1219 635 1298 compotes,
662 1214 779 1280 uadum
807 1213 1023 1293 instrumenti,
1051 1215 1146 1280 deum
1174 1216 1298 1300 Moysei

145 1325 256 1385 tamen
288 1325 417 1397 norunt;
450 1323 548 1387 etiam
575 1326 695 1388 tantam
722 1323 872 1387 idolatria
904 1322 1152 1388 dominationem
1187 1322 1297 1388 obum-

145 1428 270 1505 brante,
304 1447 447 1493 seorsum
478 1431 585 1494 tamen
617 1430 710 1494 illum
742 1431 836 1511 quasi
862 1429 988 1513 proprio
1021 1429 1147 1495 nomine
1180 1429 1299 1495 ‘deum‘

102 1567 128 1604 ro
146 1535 315 1614 perhibent
337 1538 371 1600 et
393 1535 498 1600 ‘deum
522 1535 664 1600 deorum’
687 1538 720 1600 at
742 1537 781 1602 ‘si
804 1535 882 1600 deus
908 1535 1041 1601 dederit'
1065 1539 1098 1601 et
1121 1537 1218 1618 ‘quod
1237 1536 1297 1602 deo

144 1643 265 1723 planet’
284 1645 317 1706 et
334 1641 403 1706 ‘deo
422 1641 628 1707 commendo)
642 1641 727 1719 uide,
743 1660 782 1706 an
796 1641 945 1707 nouerint
963 1662 1058 1725 quem
1078 1643 1183 1708 omnia
1200 1661 1298 1725 posse

144 1751 317 1814 testantur.
353 1767 411 1813 neo
443 1750 504 1813 boo
535 1749 612 1812 ullis
644 1749 770 1832 Moysei
801 1748 893 1813 libris
926 1748 1050 1814 debent.
1088 1753 1159 1814 ante
1193 1749 1297 1814 anima

145 1873 245 1936 quam
278 1853 452 1937 prophetia.
489 1855 612 1919 animae
645 1854 730 1919 enim
763 1875 782 1919 a
812 1855 985 1936 primordio
1019 1855 1212 1921 conscientia
1245 1855 1297 1921 dei

145 1961 206 2025 dos
237 1963 302 2036 est;
336 1961 446 2025 eadem
473 1979 532 2026 neo
560 1961 624 2026 alia
653 1963 744 2026 etin
771 1962 939 2044 Aegyptiis
967 1965 1000 2027 et
1026 1962 1058 2027 in
1088 1960 1175 2045 Syris
1203 1965 1236 2028 et
1262 1963 1295 2026 in

99 2098 125 2135 ιε
145 2067 300 2133 Pontiois.
329 2065 530 2154 [ludaeorum
560 2068 644 2133 enim
672 2069 767 2133 deum
791 2068 901 2133 dieunt
928 2070 1051 2134 animae
1079 2067 1194 2157 deum]
1218 2071 1296 2150 noli,

143 2175 280 2240 barbare
297 2176 467 2252 haeretice,
485 2175 622 2258 priorem
637 2175 797 2240 Abrabam
811 2176 1005 2241 constituere
1021 2195 1115 2259 quam
1131 2175 1293 2239 mundum.

146 2286 180 2345 at
202 2282 232 2346 ai
256 2283 351 2346 unius
372 2282 512 2347 familiae
536 2283 616 2347 dens
634 2283 753 2349 fuisset
771 2286 904 2360 creator,
927 2286 1033 2347 tamen
1059 2281 1216 2366 posterior
1237 2285 1296 2345 tuo

144 2407 208 2452 non
238 2391 315 2466 erat,
344 2389 440 2452 etiam
464 2389 607 2453 Pontiois
636 2394 708 2453 ante
736 2409 809 2453 eum
838 2393 942 2454 notus.
970 2388 1106 2471 accipiat
1133 2388 1233 2472 igitur
1256 2388 1296 2452 ab

144 2501 349 2560 anteoessore
375 2495 519 2574 formam,
548 2515 567 2561 a
595 2500 680 2562 certo
707 2497 859 2572 incertus,
889 2515 907 2560 a
934 2496 1061 2578 oognito
1094 2495 1294 2579 incognitus:

96 2634 127 2672 ao
144 2621 321 2683 numquam
345 2601 424 2666 deus
442 2602 566 2679 latebit,
591 2621 763 2684 numquam
789 2603 868 2666 deus
893 2601 1001 2682 deerit,
1025 2621 1150 2684 semper
1172 2600 1294 2665 intelle-

144 2713 251 2790 getur,
272 2726 397 2792 semper
414 2709 571 2786 audietur,
596 2711 692 2774 etiam
711 2709 883 2785 uidebitur,
904 2707 1061 2791 quomodo
1081 2709 1178 2773 uolet.
1198 2708 1297 2772 habet

145 2816 226 2880 dens
253 2815 453 2880 testimonia:
482 2819 587 2880 totum
615 2817 676 2881 hoo
704 2816 789 2899 quod
818 2834 929 2880 sumus
959 2818 991 2878 et
1017 2816 1049 2879 in
1078 2832 1140 2898 quo
1170 2833 1291 2879 sumus.

144 2923 193 2987 aie
216 2921 369 3004 probatur
391 2925 424 2988 et
447 2923 525 2987 deus
544 2925 577 2986 et
599 2941 692 2998 unus,
717 2923 792 2986 dum
817 2941 878 2987 non
902 2921 1076 3004 ignoratur,
1102 2921 1163 2987 alio
1189 2921 1294 2986 adbuc

142 3027 273 3112 probari
295 3028 467 3092 laborante.

193 3136 243 3199 ll.
269 3135 311 3197 ut
331 3135 455 3211 merito,
476 3135 635 3216 inquiunt.
661 3136 733 3216 quis
753 3135 837 3198 enim
857 3152 916 3197 non
941 3137 1006 3197 tam
1031 3134 1099 3197 suis
1124 3139 1217 3198 notus
1243 3137 1296 3198 est

145 3261 241 3323 quam
267 3242 443 3306 extraneis?
467 3260 569 3306 nemo.
594 3245 686 3305 teneo
707 3245 739 3305 et
756 3242 837 3305 bono
860 3259 981 3304 uocem.
1005 3241 1098 3321 quale
1123 3243 1173 3304 est
1197 3239 1290 3316 enim,

142 3351 181 3412 ut
209 3346 330 3429 aliquid
358 3353 538 3412 extraneum
568 3346 626 3412 deo
650 3347 713 3411 sit?
743 3348 793 3411 oui
821 3346 900 3410 nihil
929 3351 1109 3410 extraneum
1139 3351 1234 3424 esset,
1264 3347 1292 3411 si

144 3455 219 3534 quis
243 3459 338 3532 assat,
358 3491 400 3500 —
421 3455 496 3536 quia
518 3453 569 3518 (lei
592 3453 653 3518 hoo
677 3457 736 3528 est,
757 3453 863 3518 omnia
881 3453 969 3516 illius
989 3471 1059 3517 esse
1079 3457 1111 3516 et
1130 3452 1233 3517 omnia
1252 3453 1290 3516 ad

97 3195 125 3233 25

182 3665 195 3716 1
217 3662 321 3730 moysei
334 3662 377 3725 Μ,
397 3663 483 3731 bloyai
497 3661 525 3715 R
540 3663 590 3725 (sie
603 3668 629 3716 et
640 3664 721 3732 infra
741 3665 826 3728 212)
889 3663 905 3715 8
924 3661 1052 3714 idolatria
1064 3661 1101 3714 M
1114 3665 1193 3726 (corr.
1208 3678 1241 3717 m.
1257 3665 1291 3728 1).

142 3750 359 3817 idololatriam,
373 3751 517 3805 idolatriae
532 3751 572 3806 13¹
623 3753 655 3805 10
670 3753 779 3805 deorum
792 3751 956 3820 (dieentes)
961 3753 1032 3819 sort.
1084 3750 1117 3805 15
1131 3749 1292 3804 Iudaeorum

143 3842 262 3894 -drnm
271 3839 353 3906 MR’,
367 3857 425 3894 non
433 3839 761 3910 praeonominatum
768 3835 1007 3896 utaeatentiuram
1021 3857 1121 3894 aarum
1135 3839 1290 3894 turbantio.

142 3935 235 3996 eram,
258 3930 366 3997 opinor,
389 3929 455 3983 olim
477 3929 622 3998 adempta
644 3929 690 3996 cab,
708 3947 779 3999 quae
792 3931 882 3998 paulo
900 3947 987 3998 supra
1006 3930 1147 3998 leputatur:
1170 3945 1289 3981 seorsum

141 4024 237 4073 umen
251 4017 325 4071 illum
342 4018 420 4083 quasi
433 4019 541 4087 proprio
549 4018 659 4071 nomine
669 4017 814 4087 perhibent
853 4021 884 4071 16
894 4018 1008 4072 barbara
1018 4018 1054 4080 R,
1064 4017 1208 4070 barbarare
1218 4017 1290 4085 MR,

143 4110 179 4162 18
194 4107 311 4176 accipiat
323 4108 435 4175 scripsi:
449 4106 613 4175 aoeipaMR
660 4109 692 4160 19
706 4107 826 4160 incertus
836 4106 917 4170 MR⁸‚
932 4104 1071 4160 cartusR¹
1124 4107 1288 4174 incognitus.

140 4213 290 4266 numquam
304 4195 390 4265 nubo
435 4195 471 4249 20
483 4195 660 4264 intellegetur
669 4195 717 4261 12³,
730 4195 904 4262 intellegitur
916 4193 991 4248 MR¹
1035 4195 1069 4247 27
1085 4194 1140 4248 sit?
1155 4194 1290 4264 ouillnp:

141 4287 188 4348 ait,
209 4284 252 4339 cni
270 4285 356 4353 aalpo
409 4285 444 4338 28
458 4284 639 4352 parenthesin
656 4283 797 4338 indicauit
815 4285 894 4353 Eup:
913 4283 1003 4338 esset?
1024 4283 1087 4354 quia
1104 4283 1189 4352 uulpo
