3250 4959
353 412 419 476 284
576 407 693 472 Quinti
712 407 856 476 Septimi
874 406 1047 460 Florentio
1066 407 1274 460 Tertulliani

352 605 439 686 (per)
463 606 567 667 totum
591 603 839 668 instrumentum
863 602 932 666 eius
956 621 1037 684 quae
1061 603 1090 665 in
1111 602 1195 666 hunc
1214 601 1343 666 modum
1363 621 1491 685 pronun-

352 711 434 774 tiant
457 712 490 774 et
513 709 592 774 duos
621 715 801 791 proponunt
829 708 922 773 deum
951 714 1073 792 patrem
1102 711 1134 772 et
1162 708 1326 773 dominum
1353 719 1489 773 nostrum

352 817 460 882 Iesum
480 816 653 892 Christum,
677 815 779 880 filium
799 816 909 897 patris,
930 819 963 879 et
980 817 1087 880 Iesum
1106 816 1212 897 ipsum
1233 834 1305 880 esse
1326 813 1490 890 Christum,

353 923 384 987 in
410 923 507 988 altero
533 942 660 1006 quoque
679 920 805 986 nomine
825 921 875 984 dei
894 921 1006 988 filium.
1032 941 1105 985 nam
1124 921 1243 997 exinde,
1269 917 1317 1006 [eo
1337 919 1415 1008 iure]
1434 940 1490 1002 quo

353 1034 523 1112 utrumque
552 1048 664 1093 nomen
693 1028 789 1092 unius
820 1033 878 1104 est,
910 1028 943 1091 id
972 1031 1022 1092 est
1049 1028 1100 1092 dei
1131 1027 1200 1092 filii.
1234 1028 1331 1091 etiam
1365 1028 1523 1091 alterumn

354 1137 421 1199 sine
450 1137 548 1200 altero
573 1134 716 1199 eiusdem
745 1140 804 1198 est.
835 1139 867 1198 et
894 1135 964 1198 siue
991 1137 1082 1199 Iesus
1110 1133 1331 1198 tantummodo
1359 1137 1490 1216 positum

352 1248 412 1316 est,
433 1243 632 1326 intellegitur
651 1245 683 1305 et
702 1241 860 1316 Christus,
881 1243 955 1323 quia
968 1242 1060 1306 Iesus
1077 1248 1191 1305 unctus
1212 1245 1272 1307 est.
1293 1242 1363 1306 siue
1382 1243 1491 1306 solum·

353 1353 446 1414 modo
480 1349 638 1423 Christus,
671 1348 756 1411 idern
790 1351 841 1412 est
873 1353 904 1411 et
936 1349 1038 1415 Iesus.
1073 1349 1148 1430 quia
1175 1352 1292 1412 unctus
1321 1352 1370 1412 est
1396 1349 1489 1412 lesus.

354 1476 486 1538 quorum
523 1457 684 1519 nominum
723 1457 858 1519 alterum
897 1461 946 1520 est
983 1456 1156 1538 proprium,
1195 1455 1279 1536 qnod
1317 1457 1355 1520 ab
1387 1455 1489 1538 angelo

351 1562 537 1644 impositum
561 1566 620 1627 est.
644 1562 779 1626 alterurn
804 1562 961 1638 accidens,
990 1562 1075 1644 quod
1103 1563 1316 1626 chunctione
1344 1561 1488 1628 conuenit.
1504 1581 1522 1618 n

354 1668 428 1732 dum
442 1671 548 1732 tumen
560 1668 706 1733 Christus
721 1667 806 1731 filius
823 1669 875 1734 sit.
891 1688 952 1732 non
968 1673 1067 1752 pater.
1083 1671 1259 1750 postremo:
1278 1688 1372 1750 quam
1387 1686 1489 1732 caecus

352 1774 478 1855 estqui
501 1794 558 1839 noc
582 1776 613 1838 in
640 1775 758 1840 Christi
782 1777 908 1839 nomine
924 1775 1085 1859 intellegit
1104 1775 1202 1838 alium
1226 1775 1319 1839 deum
1345 1775 1487 1857 portendi.

352 1882 379 1944 si
405 1880 522 1946 Christi
546 1901 660 1946 nomen
683 1882 765 1964 patri
786 1882 959 1948 adscribat!
981 1883 1008 1946 si
1033 1883 1115 1947 enim
1137 1882 1284 1947 Christus
1309 1887 1397 1964 pater
1418 1881 1487 1945 deus

352 1996 411 2063 est,
432 1988 486 2070 qui
511 1987 602 2052 dicit:
628 1989 787 2052 ascendo
812 1988 855 2051 ad
880 1993 1023 2071 patrem
1048 2008 1167 2052 meum
1194 1992 1230 2053 et
1252 1991 1394 2071 patrem
1416 2006 1488 2050 ues·

351 2100 449 2158 trum
480 2098 514 2159 ot
545 2095 650 2158 deum
683 2115 803 2160 meum
837 2099 873 2159 et
906 2096 1012 2160 deum
1047 2099 1227 2172 uestrum,
1256 2096 1367 2177 utiquo
1398 2095 1521 2158 aliumn

351 2205 472 2283 patrem
496 2221 645 2282 superse
665 2207 697 2266 ot
721 2203 815 2266 deum
837 2203 984 2267 ostendit.
1009 2203 1036 2266 si
1055 2203 1133 2266 item
1148 2207 1242 2285 'pater
1265 2201 1409 2267 Christus
1435 2214 1488 2264 est.

351 2307 432 2371 alius
458 2312 517 2383 est,
548 2308 611 2391 qui
635 2309 777 2372 solidat
799 2309 1012 2372 tonitruum
1041 2313 1079 2373 et
1103 2309 1231 2374 condit
1260 2310 1434 2391 spiritum
1458 2314 1487 2369 et

351 2414 554 2478 adnuntiat
580 2415 617 2478 in
646 2415 816 2480 homines
847 2415 1038 2480 Christum
1070 2435 1186 2483 snum.
1222 2420 1253 2480 et
1287 2417 1315 2480 si
1345 2415 1486 2479 adstite-

351 2526 560 2605 runtreges
577 2526 698 2586 terrae
714 2526 751 2586 et
770 2523 970 2587 archontes
991 2523 1212 2607 congregati
1233 2527 1321 2586 sunt
1335 2523 1370 2585 in
1384 2537 1486 2586 unum

351 2627 535 2693 aduersus
550 2629 754 2712 <dominum
774 2635 812 2693 et
832 2630 1032 2713 aduersus>
1048 2629 1240 2695 Christum
1259 2630 1392 2711 ipsius,
1412 2626 1486 2689 alius
1500 2641 1519 2680 n

350 2735 412 2797 erit
435 2736 593 2815 dominus,
618 2741 726 2800 contra
751 2736 842 2800 cuius
864 2735 1026 2800 Christum
1046 2737 1229 2819 congregati
1253 2739 1328 2800 sunt
1350 2753 1436 2818 reges
1460 2735 1485 2794 et

352 2842 531 2906 archontes.
547 2847 578 2905 et
593 2843 620 2905 si
644 2843 850 2907 haecdicit
874 2842 1046 2906 dominus
1067 2841 1214 2906 domino
1235 2861 1313 2905 meo
1336 2841 1484 2906 Christo.

352 2947 433 3011 alius
458 2950 518 3012 erit
542 2949 700 3027 dominus
725 2950 779 3031 qni
801 2949 945 3029 loquitur
963 2948 1002 3012 nd
1026 2954 1146 3031 patrem
1172 2947 1345 3013 Christum.
1370 2951 1485 3010 etcum

352 3057 518 3135 apostolus
550 3057 674 3120 scribit:
706 3056 760 3120 uti
791 3055 882 3118 deus
916 3056 1055 3119 domini
1089 3055 1208 3119 nostri
1239 3055 1325 3118 iesu
1355 3051 1485 3117 Christi

445 3276 486 3343 14]
501 3277 558 3329 ron.
573 3279 617 3344 oo,
634 3280 674 3331 rr.
733 3281 776 3348 rr]
797 3280 857 3336 rm.
875 3284 902 3348 4,
920 3282 960 3335 rs.
1018 3280 1204 3349 sarasan.
1261 3277 1484 3347 senecioni

352 3365 397 3433 24]
418 3364 487 3434 aph.
509 3367 532 3427 1,
554 3368 596 3421 17.

390 3506 402 3557 1
429 3508 518 3575 <per>
540 3511 628 3561 toturn
656 3510 865 3563 instrumentum
886 3512 999 3579 scripsi:
1022 3513 1108 3562 totum
1134 3511 1344 3562 instrumentum
1363 3505 1486 3564 PMFRh

352 3600 412 3648 tota
434 3597 613 3650 instrumenta
632 3597 669 3652 13³
678 3599 763 3666 rndyo
818 3602 834 3652 2
859 3601 937 3652 deum
961 3603 1065 3668 patrem
1085 3597 1219 3661 PMFR³‚
1244 3597 1324 3652 deum
1349 3603 1377 3651 et
1394 3603 1485 3667 putrem

352 3683 526 3738 R¹Oehlcrus
579 3689 597 3740 4
619 3687 704 3740 altero
723 3688 787 3754 FB,
812 3696 926 3742 aterum
946 3689 1009 3742 MP
1033 3693 1113 3756 (corr.
1132 3689 1160 3741 R
1183 3705 1199 3741 u
1222 3690 1253 3741 in
1273 3705 1287 3739 o
1306 3705 1357 3743 aec.
1376 3687 1485 3740 Hirene-

350 3773 478 3842 mensem)
552 3792 582 3826 eo
602 3775 659 3829 iure
676 3777 789 3830 seclusi:
807 3779 889 3830 irrata
907 3778 1002 3831 exinde
1020 3779 1090 3831 enim
1103 3779 1177 3845 ferri
1194 3777 1288 3844 nequit
1310 3777 1423 3842 (exinde,
1440 3787 1485 3841 quo

357 3862 531 3917 Tertulliano
557 3865 686 3919 sollemne
713 3872 763 3935 eat)
836 3885 888 3936 quo
912 3868 980 3931 PM,
1009 3885 1115 3937 quoque
1138 3865 1168 3919 F
1219 3869 1235 3920 ὃ
1260 3866 1309 3919 filii
1338 3865 1403 3920 Ure:
1423 3863 1485 3915 filius

353 3951 444 4006 PMF
506 3953 520 4004 7
555 3954 619 4021 quia
646 3955 721 4008 Iesus
741 3957 789 4024 12³,
813 3957 877 4026 quia
900 3957 976 4010 Iesus
1001 3956 1123 4010 Christus
1147 3953 1274 4009 1)ΜῖΙίι
1329 3953 1486 4008 scotinus

353 4041 425 4094 idem
445 4047 488 4095 est
502 4049 530 4095 et
543 4043 591 4111 13³,
611 4045 687 4098 deest
707 4052 734 4100 et
748 4047 876 4101 ΡΜΕΕι
928 4048 958 4100 11
976 4047 1099 4101 Christus
1113 4045 1206 4099 oneF
1258 4046 1291 4097 14
1310 4047 1413 4112 patrem
1427 4038 1485 4094 Pri.

355 4131 388 4182 ad
415 4137 520 4198 patrem
548 4133 578 4186 F
650 4136 681 4189 15
710 4142 737 4188 et
766 4135 846 4188 deum
874 4153 962 4188 meum
986 4135 1049 4188 PM
1073 4135 1118 4202 (cs.
1143 4138 1211 4201 277,
1235 4135 1270 4200 1),
1300 4135 1328 4186 et
1356 4133 1390 4186 ad
1416 4131 1485 4183 deum

353 4236 443 4272 meum
460 4220 487 4272 F
537 4223 568 4275 16
588 4209 666 4275 deum
682 4224 778 4278 onaF
826 4225 860 4277 20
880 4223 1016 4277 dominum
1032 4227 1060 4276 et
1074 4223 1202 4276 aduersus
1221 4220 1322 4275 addidi
1371 4217 1485 4274 aethri-

353 4312 426 4362 stum
444 4311 556 4378 acrrhei:
575 4310 675 4364 Christi
694 4313 784 4365 1²le
