3250 4959
330 427 395 490 450
556 423 674 489 Quinti
695 421 837 491 Septimi
855 421 1026 475 Florentia
1045 420 1252 474 Tertulliani

330 620 520 685 nociferator
542 619 572 683 iu
597 618 802 685 solitudinem
827 621 859 682 et
882 620 1085 701 praeparator
1101 616 1226 681 uiarum
1246 616 1473 682 dominicarum

329 747 386 810 per
409 727 677 792 denuntiationem
702 730 734 791 et
755 726 971 790 laudationem
993 724 1217 807 paenitentiae,
1242 724 1270 789 si
1293 743 1356 788 uon
1381 725 1475 789 etiam

329 834 434 916 ipsum
457 834 540 899 inter·
562 838 684 899 eeteros
707 833 864 910 tinxisset,
887 850 979 897 nemo
1004 832 1178 914 disoipuloa
1202 830 1323 897 Christi
1347 830 1475 895 maudu-

330 945 437 1007 oantes
466 945 498 1005 et
525 940 669 1005 bibentes
699 940 737 1003 ad
761 940 893 1005 formam
919 937 1150 1021 dIsoipulorum
1172 938 1321 1002 Iohannis
1345 936 1475 1002 adsidue

328 1048 538 1114 ieiunantium
567 1052 599 1113 et
626 1046 782 1113 orantium
807 1050 1024 1129 prouocasset,
1055 1046 1139 1129 quia,
1169 1046 1197 1111 si
1220 1065 1282 1128 qua
1305 1045 1474 1110 diuersitas
1502 1060 1513 1098 ι

330 1158 427 1221 staret
449 1156 534 1220 iuter
557 1153 720 1221 Christum
745 1157 778 1219 et
795 1153 967 1218 Iohannem
987 1164 1020 1218 et
1038 1171 1167 1239 gregem
1186 1154 1367 1235 utriusque,
1391 1153 1475 1217 nulla

331 1265 417 1329 esset
449 1262 692 1345 eomparatIonis
726 1262 857 1339 exantlo,
893 1264 1023 1325 unomet
1058 1259 1293 1342 prouocationis
1331 1258 1473 1325 intentio.

329 1390 421 1435 nemo
446 1370 529 1435 euim
553 1369 720 1433 miraretur
743 1372 775 1432 et
797 1387 889 1433 nemo
913 1369 1124 1449 torqueretur,
1147 1367 1177 1431 si
1199 1366 1345 1431 diuersae
1365 1366 1474 1431 diuini·

328 1476 406 1542 tatis
429 1477 572 1541 aemulae
595 1475 845 1558 praedicationes
865 1474 903 1538 de
923 1474 1099 1557 disciplinis
1118 1493 1244 1556 qnoque
1261 1475 1344 1537 inter
1363 1492 1400 1538 se
1418 1492 1474 1537 nou

330 1584 543 1662 conuenirent,
567 1602 628 1647 nou
653 1581 877 1647 conuenientes
900 1581 989 1663 prius
1014 1581 1053 1645 de
1071 1580 1315 1647 auetoritatibus
1335 1580 1512 1663 discipli-10

329 1710 448 1755 aarum.
473 1689 550 1755 adeo
574 1690 723 1754 Iohannis
748 1692 816 1753 erat
834 1687 980 1754 Christus
1005 1692 1037 1753 et
1054 1688 1209 1752 Iohannes
1229 1686 1359 1765 Christi,
1383 1688 1474 1752 ambo

330 1796 478 1862 creatoris
495 1801 527 1860 et
541 1797 632 1861 ambo
649 1796 687 1860 de
705 1796 776 1879 lege
797 1798 828 1860 et
846 1795 1009 1877 prophetis
1023 1794 1254 1878 praeditatores
1270 1799 1303 1858 et
1316 1793 1472 1878 magistri.

329 1904 357 1968 si
385 1902 531 1969 Christus
563 1902 727 1968 reiecisset
753 1900 904 1966 Iohannis
933 1901 1144 1984 disciplinam,
1181 1905 1219 1966 ut
1251 1902 1300 1966 dei
1332 1902 1472 1966 alterius.

330 2014 362 2074 et
389 2010 563 2093 discipulos
592 2008 794 2081 defendisset,
829 2012 867 2072 ut
898 2009 1011 2073 merito
1041 2008 1132 2072 aliter
1153 2008 1347 2086 incedentes,
1380 2008 1472 2073 aliam
1604 2083 1605 2096 χ

329 2117 452 2183 seilicet
475 2120 507 2180 et
530 2116 717 2181 contrariam
742 2114 885 2180 initiatos
909 2115 1121 2193 diuinitatem,
1144 2118 1237 2180 —at
1259 2115 1511 2193 nuno,humi·¹⁸
1604 2107 1605 2188 l

328 2224 401 2288 liter
423 2222 556 2288 reddens
580 2222 745 2299 rationem,
773 2220 858 2303 quod
881 2240 943 2287 uon
967 2225 1097 2303 possent
1120 2222 1261 2286 ieiunare
1283 2221 1342 2285 filii
1366 2222 1473 2305 spousi
1604 2197 1605 2238 l

329 2330 479 2412 quaden
505 2349 576 2393 errm
600 2328 646 2393 eis
671 2332 757 2394 esset
780 2347 927 2411 sponsus,
951 2332 1063 2411 postea
1085 2348 1162 2394 uero
1184 2329 1383 2394 ieiunaturos
1407 2348 1473 2412 pro·

328 2436 470 2515 mittens,
503 2455 576 2500 oum
609 2435 734 2500 ablatus
768 2437 805 2500 ab
840 2435 886 2500 eis
917 2455 1054 2519 sponsus
1088 2440 1184 2515 esset,
1212 2454 1270 2501 neo
1298 2435 1472 2519 discipulos

329 2543 479 2622 defendit,
509 2542 563 2608 sed
591 2543 700 2625 potius
724 2544 899 2621 excusauit
929 2543 1020 2625 quasi
1048 2562 1109 2609 non
1133 2543 1201 2608 sine
1224 2542 1346 2607 ratione
1371 2561 1472 2625 repre-

327 2650 453 2727 hensos,
486 2668 542 2714 nee
569 2649 717 2715 Iohannis
744 2650 854 2714 reiecit
881 2649 1092 2732 disciplinam,
1124 2650 1182 2715 sed
1212 2650 1315 2735 magis
1349 2657 1511 2716 ennaea-¹·

329 2757 381 2835 sit,
410 2754 556 2843 [tempori
588 2757 735 2821 IohaunIs
769 2775 839 2821 eam
870 2755 1046 2843 praestans]
1074 2761 1112 2822 ut
1142 2758 1279 2841 tempori
1312 2778 1373 2823 suo
1406 2776 1473 2822 earu

328 2863 499 2938 destinans,
519 2863 694 2927 reiecturus
719 2864 859 2944 alioquin
879 2882 947 2928 earu
968 2869 1000 2929 et
1018 2864 1205 2929 defensurus
1229 2865 1372 2930 aemulos
1397 2866 1473 2940 eius,

329 2970 356 3033 si
384 2989 444 3034 uon
474 2970 577 3053 ipsius
605 2972 720 3036 fnisset
746 2971 810 3035 iarn
839 2990 920 3053 quae
948 2974 1025 3035 erat.
1058 2975 1150 3036 teneo
1179 2990 1286 3036 meum
1310 2970 1472 3037 ChrIstum

329 3077 425 3141 etiam
452 3077 483 3141 in
512 3078 637 3142 nomine
666 3077 784 3160 sponsi,
819 3077 857 3142 de
887 3097 949 3160 quo
977 3078 1135 3160 psalmus:
1169 3077 1251 3161 ipse
1283 3082 1471 3161 tamquam

329 3202 491 3267 sponsus
525 3185 724 3271 egrediens
758 3185 799 3249 de
833 3186 999 3249 thalamo
1034 3204 1114 3250 suo:
1149 3204 1168 3249 a
1200 3204 1343 3250 summo
1377 3175 1510 3251 caelia

417 3326 445 3393 21
466 3324 498 3379 ei.
518 3324 615 3380 llnttlr.
636 3326 660 3384 3,
680 3328 705 3378 2.
720 3326 801 3383 Mare.
824 3326 847 3393 l,
861 3328 886 3379 4.
902 3325 965 3379 Luc.
980 3326 1006 3388 3,
1021 3327 1045 3381 3.
1084 3327 1111 3395 3]
1126 3326 1160 3380 ei.
1175 3326 1239 3379 Luc.
1254 3326 1279 3390 5,
1294 3326 1338 3381 33.
1379 3326 1424 3395 16]
1440 3326 1472 3381 ci.

327 3412 390 3467 Luc.
412 3414 436 3480 5,
456 3415 570 3468 34-3-3.
625 3414 671 3483 24]
692 3412 736 3467 Pe.
757 3416 799 3476 18,
819 3416 843 3468 6.
864 3416 889 3467 7.

364 3521 377 3572 1
398 3520 544 3573 solitudine
563 3521 620 3574 Ion
692 3522 708 3574 3
727 3522 816 3590 ipsum
833 3521 1012 3591 (dominum)
1027 3524 1097 3591 fort.
1171 3526 1188 3577 9
1207 3521 1418 3592 praedicationIs
1435 3519 1473 3575 Β*

328 3608 360 3663 ll
379 3607 508 3662 Iohannis
526 3608 561 3669 R,
580 3610 710 3663 iohannes
729 3610 767 3663 M
801 3612 834 3665 13
853 3611 876 3663 ai
893 3612 1006 3679 serpsi:
1024 3610 1072 3664 sed
1090 3610 1173 3678 Mll',
1192 3610 1240 3665 sed
1256 3613 1324 3679 (et)
1340 3610 1382 3664 1³³
1390 3611 1473 3680 ιιιιῑςο

329 3698 361 3751 14
375 3696 532 3751 incedentes
546 3697 593 3761 R³,
608 3696 808 3752 intercedentes
822 3698 895 3754 ΜΕι
937 3701 970 3752 15
985 3699 1208 3754 diuinitatemM
1220 3702 1250 3753 in
1263 3716 1318 3755 ras.
1375 3698 1472 3752 diuini-

326 3792 412 3839 tatem
433 3792 530 3851 (menle
547 3788 643 3854 supple
662 3788 717 3841 tole
734 3788 814 3856 qnid:
835 3789 915 3843 aliter
933 3806 976 3842 res
990 3806 1018 3842 se
1032 3790 1165 3857 haberet),
1177 3820 1211 3828 —
1227 3792 1256 3842 at
1274 3806 1347 3843 nunc
1363 3790 1471 3857 scripsi:

327 3876 507 3930 diuinitatem.
523 3880 552 3929 at
566 3892 636 3929 nuno
651 3878 712 3932 MR
761 3878 793 3931 21
814 3878 1108 3949 tempori-praestans
1125 3878 1237 3933 seclusi:
1255 3879 1473 3947 interpretantur

327 3965 444 4019 herecee
464 3982 533 4033 qnae
551 3972 711 4033 sequnntur,
731 3974 754 4020 et
774 3968 879 4035 quidem
894 3968 988 4034 solnm·
1008 3986 1057 4022 sno
1076 3968 1149 4022 enim
1171 3968 1286 4037 tempori
1305 3966 1473 4037 iarelleoeei

327 4056 448 4122 ternpori,
468 4072 527 4108 eram
547 4055 659 4109 ablatem
677 4057 713 4109 eft
730 4070 855 4124 sponsus,
874 4056 906 4110 iol
924 4063 963 4111 eat
976 4064 1042 4126 poet
1060 4058 1163 4112 obitum
1182 4056 1288 4111 domini
1342 4068 1376 4111 ea
1394 4062 1422 4118 (a
1441 4072 1473 4109 ee:

325 4148 339 4195 t
358 4160 390 4196 m.
406 4148 421 4197 1
438 4145 469 4197 fn
489 4145 550 4214 mo.)
564 4144 601 4197 If
653 4148 683 4197 ut
701 4146 818 4214 tempori
836 4162 884 4199 suo
899 4146 972 4199 Lat:
988 4148 1119 4215 temporis
1137 4150 1169 4200 ut
1186 4151 1308 4217 tempore
1326 4164 1377 4200 suo
1390 4146 1471 4211 MR',

326 4233 466 4301 temporis.
481 4236 512 4285 ut
526 4234 641 4302 tempori
656 4250 703 4286 suo
720 4233 758 4287 R³
812 4234 846 4286 22
861 4236 1010 4289 reiecturus
1024 4235 1071 4292 R³.
1090 4235 1238 4290 reiecturoa
1251 4234 1326 4290 MR¹
1380 4234 1470 4288 defen·

326 4336 402 4374 surus
422 4321 504 4378 MItl.
524 4322 678 4375 defensuros
694 4321 733 4376 pr
769 4323 803 4375 23
824 4340 892 4392 quae
912 4329 977 4377 erat.
997 4328 1078 4379 teneo
1093 4323 1175 4388 Mlti,
1194 4330 1316 4393 quaerat,
1334 4328 1415 4377 teneo
1431 4322 1471 4377 11¹
