3250 4959
293 362 359 425 622
523 356 639 422 Quinti
660 357 801 426 Septimi
821 354 991 409 Florentia
1010 352 1214 407 Tertulliani

295 554 393 636 quid
412 571 505 637 ergo
526 553 730 616 dicemus?
747 548 1304 633 quialexpeceatumtabsit!
1320 567 1436 612 —eru

295 654 1438 744 besce,Marcion,[absit]abominantiapcstclecriminationemlegis-

295 768 366 832 sed
391 785 468 850 ege
499 766 698 830 delictum
728 784 801 828 nnn
831 763 917 827 scic
946 763 1026 826 nisi
1050 781 1119 844 per
1141 762 1281 846 legem.
1315 781 1437 826 nsum-

296 893 382 938 mum
408 893 444 937 ex
463 873 522 938 hcc
545 871 747 954 praeconium
765 870 859 955 legis,
878 889 935 952 per
954 889 1048 952 quam
1066 869 1161 951 (unu)
1178 868 1272 933 licuit
1291 869 1437 934 delictum

295 981 407 1044 latere!
432 999 493 1043 non
518 996 591 1062 ergo
611 979 660 1041 lex
680 977 816 1054 seduxit,
842 975 898 1041 sed
917 979 1083 1058 peceatum
1102 995 1158 1057 per
1177 976 1337 1058 praecepti
1356 995 1439 1040 orca-
1468 995 1480 1034 e

296 1087 426 1151 sionem.
460 1084 536 1166 quid
569 1085 627 1149 deo
660 1084 801 1168 imputas
833 1083 915 1167 legis
948 1083 1033 1166 qued
1069 1082 1133 1166 legi
1171 1084 1239 1147 eius
1278 1083 1439 1164 apostulus

294 1193 453 1274 imputare
477 1209 537 1256 non
563 1190 679 1255 audet?
712 1189 822 1271 atquin
851 1193 883 1254 et
910 1188 1108 1254 adcumulet:
1141 1191 1201 1254 lex
1233 1193 1377 1253 sancta
1404 1192 1439 1252 et

293 1302 558 1380 praeceptum
584 1297 672 1361 eius
691 1297 846 1360 iustum
868 1299 906 1361 et
925 1296 1077 1361 benum.
1103 1296 1130 1360 si
1150 1296 1257 1359 taliter
1275 1299 1442 1360 ueneratur

295 1407 398 1489 legem
415 1404 576 1478 creatoris,
597 1403 754 1485 quomodo
773 1403 882 1484 ipsum
902 1403 1047 1468 destruat
1065 1403 1181 1469 nescio.
1202 1403 1273 1483 quis
1294 1403 1441 1468 disceruit

295 1511 377 1576 dues
397 1510 483 1590 deos,
497 1511 620 1575 iustum
642 1510 738 1574 aliurn
754 1509 874 1574 bonum
889 1510 998 1585 alium,
1013 1528 1085 1573 cum
1101 1509 1128 1572 is
1142 1512 1315 1591 utrumque
1331 1510 1442 1574 debent
1459 1530 1482 1566 u·
1594 1554 1595 1565 ο

298 1618 393 1695 credi,
414 1617 505 1682 euius
525 1620 730 1700 praeceptum
756 1619 787 1679 et
810 1615 929 1680 benum
954 1619 986 1678 et
1008 1616 1130 1680 iustum
1149 1619 1220 1679 est?
1239 1617 1267 1680 si
1286 1619 1393 1680 autem
1411 1619 1442 1680 et

296 1724 472 1806 spiritalem
502 1723 664 1788 coufirmat
686 1723 803 1806 legem,
832 1723 945 1804 utique
969 1727 1002 1785 et
1024 1721 1251 1804 propheticam,
1275 1723 1389 1803 utique
1411 1726 1442 1786 et

297 1830 478 1914 figuratam.
511 1830 610 1894 debeo
636 1828 717 1892 euim
743 1830 775 1892 et
798 1828 872 1892 hine
900 1828 1092 1892 constituere
1117 1826 1280 1892 Christum
1313 1829 1345 1891 in
1373 1830 1441 1914 lege

293 1937 428 2020 figurate
443 1936 745 2019 praedicatumque
762 1939 793 1999 et
808 1954 826 1998 a
841 1933 969 1998 Iudaeis
984 1934 1130 1998 omuibus
1144 1934 1286 2017 potuerit
1301 1936 1439 2019 agnosci.

345 2045 394 2110 14.
427 2044 522 2107 Hunc
555 2044 582 2106 si
616 2046 705 2126 pater
733 2043 823 2105 misit
849 2041 881 2105 iu
910 2041 1154 2106 similitudinem
1182 2042 1284 2105 carnis
1307 2042 1439 2124 peccati,
1457 2061 1479 2098 ¹:-

297 2169 357 2214 ucu
381 2149 452 2213 ideo
477 2149 665 2231 phantasma
689 2148 811 2212 dicetur·
835 2167 917 2224 carc,
943 2167 1022 2230 quae
1044 2148 1076 2212 in
1095 2147 1151 2212 ille
1170 2147 1350 2213 uidebatur.
1373 2167 1440 2231 pec·
1515 2206 1517 2209 .

297 2259 404 2319 catum
428 2256 510 2318 cuim
535 2256 617 2318 carui
644 2273 738 2336 supra
757 2254 929 2335 adscripsit
946 2258 979 2318 et
996 2254 1085 2317 illam
1105 2254 1181 2318 iecit
1197 2254 1300 2338 legem
1321 2255 1442 2337 peccati

298 2361 494 2450 habitantem
527 2360 558 2423 in
585 2360 737 2425 membris
767 2360 834 2426 suis
859 2365 891 2424 et
915 2360 1134 2425 aduersantem
1158 2361 1222 2443 legi
1245 2379 1370 2424 sensus.
1403 2361 1440 2425 nb

297 2467 358 2530 hec
379 2466 479 2548 igitur·
501 2465 634 2530 missum
659 2465 760 2530 tilium
784 2467 816 2530 in
840 2467 1083 2531 similitudinem
1111 2467 1214 2530 carnis
1240 2467 1373 2549 peccati,
1406 2470 1441 2530 ut

297 2573 418 2655 peccati
442 2589 567 2636 carnem
591 2572 688 2637 simili
713 2574 894 2637 substantia
915 2573 1094 2651 redimeret,
1117 2573 1149 2636 id
1169 2577 1219 2637 est
1237 2591 1339 2650 carne,
1364 2591 1479 2656 quaer·

297 2679 466 2759 peccatrici
500 2679 584 2743 cami
612 2680 728 2744 similis
757 2684 852 2757 esset,
887 2699 960 2743 cum
992 2680 1149 2762 peccatrix
1171 2679 1242 2762 ipsa
1263 2699 1323 2744 neu
1348 2685 1440 2745 esset

298 2804 370 2848 uam
398 2787 430 2849 et
458 2785 534 2849 haec
559 2786 618 2849 erit
642 2786 691 2850 dei
715 2786 819 2850 uirtus
841 2785 874 2848 in
898 2785 1077 2850 substantia
1099 2784 1166 2867 pari
1189 2785 1338 2867 perficere
1361 2787 1441 2851 salu-

299 2895 455 2956 tamnen
490 2892 572 2955 euim
606 2911 767 2974 magnum,
801 2892 828 2955 si
862 2892 993 2974 spiritus
1023 2892 1073 2956 dei
1097 2911 1221 2955 carnem
1245 2893 1440 2968 remediaret,

297 2998 354 3062 sed
379 2998 407 3063 si
430 3016 512 3076 carc,
537 2999 712 3064 consimilis
737 2999 916 3081 peccatrici,
941 2998 1017 3063 dum
1041 3017 1112 3062 earo
1132 3001 1191 3076 eet,
1213 2998 1349 3064 sednon
1373 3018 1442 3082 pec·

296 3105 370 3169 cati.
392 3105 437 3168 ita
461 3104 638 3171 similitudo
664 3106 703 3169 ad
726 3106 859 3169 titulum
882 3105 1005 3188 peccati
1028 3105 1207 3189 pertinebit,
1227 3124 1287 3169 ucn
1312 3107 1351 3170 ad
1370 3106 1475 3170 sut-a

298 3211 433 3276 stantiae
451 3211 661 3276 mendacium.
677 3232 749 3276 nam
763 3231 821 3276 nec
836 3212 1012 3277 addidisset
1025 3212 1178 3294 peceati,
1199 3212 1227 3275 si
1245 3213 1441 3278 substantiae

298 3317 537 3382 similitudinem
573 3319 671 3383 uellet
698 3319 853 3403 intellegi,
886 3325 923 3382 ut
949 3322 1080 3402 negaret
1103 3317 1283 3393 ueritatem
1316 3323 1440 3382 tanturn

389 3509 644 3577 1-3]R01u.7,7.
683 3507 959 3578 mathomum.
998 3510 1023 3579 7]
1042 3510 1160 3570 Rome,
1178 3509 1219 3562 12.
1258 3508 1439 3579 12]ci.an.

300 3599 323 3658 7,
345 3598 384 3653 14.
443 3600 486 3667 15]
508 3597 540 3653 cf.
561 3599 637 3651 Rom.
658 3599 683 3660 8,
703 3599 728 3653 3.
785 3599 829 3667 17]
851 3599 885 3652 cf.
904 3599 980 3653 Ram.
1000 3600 1024 3667 7,
1044 3599 1087 3652 23.
1143 3599 1187 3667 21]
1208 3597 1339 3651 ciliebr.
1358 3599 1439 3664 4,15.

336 3723 347 3774 1
356 3722 536 3788 parenthesin
548 3721 676 3776 indicaui
716 3723 732 3774 2
744 3722 816 3774 absit
825 3722 925 3775 eeclresr'
979 3722 1131 3776 madescere
1140 3737 1201 3776 eum
1211 3721 1309 3774 datico
1319 3721 1441 3774 iunctam

294 3811 334 3876 ef.
349 3809 430 3876 Apol.
446 3826 467 3864 ο.
485 3813 515 3863 9.·
530 3810 671 3864 erubeseat
687 3827 759 3863 error
773 3814 864 3864 uester
877 3810 1039 3864 Christianis
1085 3809 1253 3863 abominanti
1266 3809 1440 3879 apostatant.

299 3898 445 3952 abominati
461 3899 569 3968 postulo
579 3897 615 3961 F,
626 3898 774 3952 abominari
789 3899 898 3968 postulo
908 3897 956 3959 121.
973 3898 1143 3953 abominatur
1158 3896 1296 3967 apostulus
1309 3895 1351 3951 12³
1359 3899 1441 3966 calm

298 3987 378 4039 tucn
388 3985 488 4041 addidi
533 3987 690 4054 lienteum,
701 3988 800 4056 liquuit
814 3987 974 4057 Gelreliqm'
1009 3984 1301 4042 elateueGiaccom'us
1339 3986 1442 4040 13hiuc

298 4076 395 4131 seiles
403 4077 495 4130 certia
505 4077 624 4144 apostoli
662 4076 695 4128 14
706 4079 734 4128 et
742 4076 1121 4145 ampsisnechl;iatellepn
1132 4080 1271 4129 antemna
1280 4073 1375 4139 datter
1383 4075 1442 4128 aisn

298 4162 371 4216 ercet
379 4181 433 4218 voc
443 4163 596 4218 denchen
606 4165 680 4218 allen
689 4165 775 4230 (nieht
784 4181 839 4218 nar
847 4181 901 4218 von
912 4165 964 4218 den
971 4165 1085 4233 pldabip
1090 4163 1268 4233 pernerdmea
1277 4161 1398 4230 emlinus
1404 4165 1440 4226 11,

301 4253 379 4318 1-7)
394 4252 469 4304 hdtte
483 4251 600 4305 abeant
615 4252 721 4306 werden
735 4251 845 4306 kdnnen
881 4253 916 4305 20
931 4268 1010 4305 carue
1022 4250 1070 4316 13³,
1085 4251 1157 4305 carni
1166 4249 1248 4318 MR¹,
1261 4266 1358 4304 carnea
1371 4249 1443 4304 Pae
