3250 4959
405 401 441 456 11.
461 402 506 456 Dc
526 400 642 458 Carnis
661 401 926 456 Resurrectione
945 401 1060 456 39-40.
1263 401 1305 466 83

153 596 187 660 id
212 601 264 661 est
289 596 437 674 animam,
462 601 494 661 st
513 597 709 674 exteriorem,
733 595 767 660 id
791 600 842 660 est
865 614 999 672 carnem,
1024 595 1160 659 salutem
1181 593 1307 676 quidem

155 704 289 778 animae,
324 703 356 767 id
389 705 441 767 est
470 703 612 768 interiori
644 703 774 780 homini,
808 702 941 767 exitium
970 721 1045 767 uero
1074 702 1170 776 carni,
1198 700 1231 763 id
1261 705 1312 766 est

155 810 303 874 exteriori
333 809 606 889 adiudicauarunt,
640 809 715 892 quia
747 810 901 893 scriptum
931 809 975 873 sit
1007 807 1194 874 Corinthiis:
1228 827 1309 872 nam

156 917 231 981 atsi
261 917 370 981 homo
398 919 527 980 noster
557 917 721 982 exterior
750 917 1017 998 corrumpitur,
1051 916 1116 979 sed
1148 915 1309 980 interior

110 1028 366 1087 ,srenouatur
398 1021 458 1088 die
490 1025 526 1087 et
559 1023 627 1088 die.
662 1042 753 1105 porro
786 1042 845 1088 nac
876 1023 980 1086 anima
1012 1041 1067 1104 per
1104 1021 1310 1103 semetipsam

155 1129 262 1206 bomo,
289 1148 368 1211 quae
393 1129 545 1214 figmento
570 1131 632 1195 iam
652 1129 772 1196 homini
792 1130 951 1212 appellato
975 1133 1087 1212 postea
1109 1128 1229 1192 inserta
1250 1131 1310 1204 est,

155 1255 214 1300 nec
238 1255 310 1300 caro
335 1237 402 1300 sine
426 1237 531 1300 anims
555 1237 660 1312 bomo,
685 1256 764 1318 quae
783 1241 858 1318 post
877 1236 1005 1300 exilium
1027 1235 1149 1300 animae
1173 1233 1309 1298 cadauer

155 1341 353 1406 inscribitur.
382 1343 428 1408 ita
460 1343 653 1408 uocabulum
680 1341 775 1408 bomo
810 1346 1025 1408 consertarum
1058 1339 1310 1405 substantiamm

157 1448 293 1512 duamm
318 1448 552 1530 quodammodo
577 1449 674 1514 fibula
699 1451 757 1524 est,
788 1449 849 1514 sub
879 1467 940 1530 quo
968 1448 1126 1513 uocabulo
1155 1466 1215 1511 non
1240 1465 1311 1528 pos·

111 1583 139 1626 10
158 1558 235 1618 sunt
259 1573 330 1618 esse
353 1555 415 1618 nisi
443 1555 656 1622 cohaerentes.
687 1575 778 1637 porro
807 1555 973 1638 apostolus
1001 1555 1182 1620 interiorem
1211 1554 1312 1619 homi·

158 1681 230 1724 nem
256 1668 406 1726 nontam
432 1661 569 1726 animam
592 1680 688 1743 quam
711 1665 851 1728 mentem
876 1667 971 1745 atque
1002 1662 1141 1726 animum
1166 1659 1311 1742 intellegi

157 1767 295 1845 mauult,
319 1766 352 1832 id
376 1771 509 1832 estnon
534 1769 744 1834 substantiam
769 1769 883 1851 ipsam,
912 1769 969 1832 sed
993 1767 1192 1834 substantiae
1220 1783 1311 1848 sapo-

157 1893 237 1938 rem.
275 1873 434 1955 siquidem
465 1875 614 1956 Ephesiis
647 1875 786 1940 scribens
815 1876 851 1938 in
879 1874 1098 1940 interiorem
1126 1872 1309 1938 hominem

158 1980 334 2046 babitare
359 1979 563 2060 Christum,
592 1981 739 2048 sensibus
764 1983 876 2064 utiquo
904 1981 1118 2046 intimandum
1145 1979 1309 2045 dominum

113 2117 140 2156 rs
161 2087 367 2172 significauit.
401 2087 536 2170 denique
570 2089 727 2152 adiunxit:
761 2109 824 2171 per
850 2088 966 2152 fidem
999 2093 1031 2152 ct
1064 2088 1099 2151 in
1133 2085 1310 2152 cordibus

159 2195 304 2260 nestris
336 2200 369 2259 et
391 2195 428 2258 in
454 2195 672 2273 dilectione,
697 2195 790 2260 fidem
816 2195 944 2278 quidem
968 2199 1000 2260 et
1023 2194 1226 2259 dilectionem
1249 2210 1311 2256 non

159 2300 366 2366 substantiua
389 2300 511 2366 animas
535 2321 655 2386 ponens
685 2302 741 2366 sed
765 2302 962 2382 conceptiua,
991 2302 1027 2365 iu
1052 2301 1230 2366 cordibus
1257 2317 1311 2364 su·

158 2411 225 2472 tem
251 2407 370 2484 dicens,
394 2427 475 2489 quae
495 2409 699 2474 substantiua
718 2412 793 2474 sunt
812 2408 927 2486 carnis,
947 2409 1009 2472 iam
1030 2413 1062 2474 et
1079 2408 1186 2491 ipsum
1205 2405 1311 2470 interi·

160 2532 248 2578 orem
280 2515 440 2580 bominem
473 2515 559 2580 cami
592 2515 769 2597 deputauit,
803 2535 898 2598 quam
936 2517 967 2580 in
1005 2515 1099 2580 cordo
1131 2497 1310 2580 constituit.

113 2649 142 2689 ao
159 2621 282 2703 inspice
325 2641 417 2698 nunc,
460 2622 618 2703 quomodo
657 2623 842 2691 exteriorem
879 2622 1008 2706 quidem
1046 2621 1205 2686 bominem
1243 2639 1308 2686 cor·

157 2728 265 2811 rumpi
289 2729 443 2812 allegarit,
468 2729 650 2792 interiorem
675 2747 750 2792 uero
774 2730 922 2793 renouari
945 2728 994 2792 die
1018 2748 1054 2794 ac
1078 2727 1139 2802 dis,
1164 2746 1201 2791 ne
1221 2726 1309 2790 illam

159 2834 373 2918 corruptelam
394 2836 496 2898 carnis
517 2835 674 2910 adfirmes,
700 2853 794 2916 quam
815 2855 851 2900 ex
870 2835 921 2900 die
939 2837 1051 2900 mortis
1069 2835 1102 2898 in
1121 2836 1309 2916 perpetuum

159 2941 323 3006 defectura
342 2941 491 3022 patiatur,
512 2943 569 3008 sed
588 2961 682 3024 quam
704 2944 733 3006 in
750 2941 847 3006 istius
863 2942 949 3006 uitae
965 2941 1068 3024 spatio
1087 2945 1159 3006 ante
1174 2945 1308 3004 mortem

159 3051 193 3111 et
210 3066 313 3129 usque
334 3047 373 3112 ad
392 3051 525 3112 mortem
546 3049 768 3114 uexationibus
789 3052 822 3112 et
839 3049 1008 3130 pressuris,
1029 3047 1196 3112 tormentis
1216 3051 1310 3128 atque

114 3181 142 3222 as
160 3153 330 3236 suppliciis
358 3154 494 3218 nominis
523 3171 620 3218 causa
644 3155 810 3238 experitur.
836 3173 908 3218 nam
933 3158 965 3219 et
987 3155 1083 3220 bomo
1106 3156 1235 3219 interior
1258 3154 1310 3218 hic

158 3259 272 3342 utique
291 3261 437 3324 renouari
456 3260 596 3338 habebit,
620 3281 675 3344 per
694 3264 884 3344 suggestum
905 3260 1037 3344 spiritus
1058 3261 1223 3343 proficiens
1246 3261 1308 3324 fido

160 3371 195 3430 et
217 3365 387 3449 disciplina
415 3366 465 3430 die
490 3385 526 3432 ac
555 3367 617 3444 dio,
640 3386 700 3430 non
726 3368 802 3442 illic,
833 3367 938 3431 idest
966 3386 1027 3431 non
1055 3373 1130 3448 post
1153 3385 1309 3431 resurrec-

159 3473 292 3548 tionem,
326 3473 380 3536 nbi
414 3493 475 3537 non
509 3473 622 3555 utique
655 3474 705 3537 dis
738 3493 774 3538 ac
803 3473 854 3537 dis
887 3475 1030 3537 renouari
1059 3474 1221 3552 babemus,
1253 3472 1310 3538 ssd

160 3579 261 3644 semol
293 3579 333 3642 ad
366 3598 534 3646 summam.
569 3580 606 3644 de
641 3581 849 3662 sequentibus
882 3581 984 3644 disce:
1015 3581 1112 3662 quod
1141 3580 1236 3644 enim
1266 3579 1309 3643 ad

250 3753 395 3824 uincor.
411 3757 436 3825 4,
453 3757 495 3810 1e.
546 3757 575 3825 c]
590 3757 623 3810 u.
640 3755 705 3812 cen.
720 3759 745 3826 a,
761 3759 785 3812 7.
838 3758 882 3828 rs]
896 3757 967 3828 spu.
983 3757 1008 3820 a,
1025 3757 1065 3812 re.
1082 3757 1123 3810 17.
1176 3756 1222 3826 15]
1237 3755 1306 3825 npn.

162 3845 187 3912 a,
203 3844 244 3896 17.
302 3842 473 3912 aopncor.
493 3843 519 3913 4,
541 3846 655 3899 17-1s.

197 3950 214 4002 ὃ
239 3948 283 4002 die
302 3949 386 4018 etM,
406 3949 439 4002 dc
459 3949 503 4004 die
522 3951 597 4010 etP,
618 3950 650 4004 de
670 3951 714 4005 die
733 3951 804 4006 inF
856 3952 872 4004 6
897 3952 997 4005 bomini
1014 3951 1080 4005 Gal:
1096 3951 1312 4004 bomiusPMF

162 4039 178 4092 7
206 4037 287 4090 homo
315 4053 365 4092 om.
397 4037 449 4094 uel
511 4041 527 4094 9
552 4039 635 4094 fibula
658 4038 705 4109 12³,
730 4039 825 4094 tabula
846 4039 974 4095 Ρ1111111ι
1039 4041 1072 4096 10
1094 4041 1147 4094 nisi
1170 4056 1220 4093 occ.
1246 4038 1310 4092 PR¹

164 4127 196 4178 17
220 4141 323 4195 ponens
347 4141 398 4182 orn.
421 4127 449 4180 P
471 4127 546 4196 (add.
571 4126 599 4180 R
621 4145 655 4181 ecc
678 4127 884 4197 Hirauupicnss)
940 4129 974 4182 20
996 4129 1133 4182 bominem
1157 4127 1265 4198 quidem
1283 4127 1311 4180 P

162 4215 197 4268 21
226 4211 353 4283 allegarit
378 4214 442 4269 Get:
471 4215 604 4286 allegaret
631 4217 722 4272 PMF
791 4217 845 4284 dic,
869 4234 901 4270 ne
928 4217 1043 4284 scripsi:
1070 4216 1122 4271 die.
1150 4233 1200 4270 nec
1223 4215 1312 4270 PMF

162 4302 198 4354 25
218 4302 354 4371 experitur
371 4303 484 4372 scripsi:
503 4305 654 4374 experietur
672 4305 763 4358 PMF

1241 4411 1273 4462 6*
