3250 4959
359 410 425 474 260
589 408 705 475 Quinti
725 408 867 478 Septimi
886 406 1058 462 Florentia
1077 407 1282 462 Tertulliani

360 605 515 668 rationem
544 606 576 667 et
603 622 675 669 oum
704 601 835 667 unicum
860 601 955 667 deum
984 602 1098 667 steterit
1124 604 1158 666 et
1180 621 1252 668 oum
1280 601 1361 666 dnos
1384 606 1504 684 patrem

360 713 394 776 et
424 708 527 775 filium
559 709 710 786 ostendit,
744 711 777 774 et
815 707 936 774 suffieit
967 709 1039 776 sibi.
1076 707 1177 773 filium
1210 709 1367 775 nominari
1399 710 1438 774 ab
1470 727 1507 772 ea

362 819 497 882 constat.
521 818 613 882 saluo
638 817 722 882 enim
744 816 811 882 filio
835 819 921 882 reete
945 817 1075 882 unioum
1104 815 1199 882 deum
1227 819 1336 899 potest
1362 816 1507 882 determi-

359 943 464 1000 nasse,
489 923 581 988 euius
600 925 651 989 est
668 921 763 988 filins.
786 942 848 988 non
873 921 957 988 enim
981 922 1098 987 desinit
1116 941 1187 988 esse
1207 925 1261 1005 qni
1285 924 1385 989 habet
1406 923 1506 989 filium

358 1031 429 1115 ipse
446 1030 572 1107 nnious,
597 1049 655 1095 suo
675 1030 800 1096 scilieet
817 1030 954 1107 nomine,
980 1029 1126 1112 quotiens
1146 1029 1213 1094 sine
1232 1026 1296 1093 filio
1316 1031 1505 1094 nominatur.
1533 1051 1544 1089 s

360 1139 429 1203 sine
460 1136 527 1202 filio
559 1139 667 1201 antem
698 1137 890 1214 nominatur,
929 1155 1001 1201 oum
1034 1135 1250 1218 principaliter
1282 1135 1507 1201 determinatur

359 1247 397 1310 nt
428 1243 530 1325 prima
560 1261 705 1326 persona,
743 1262 824 1325 qnae
858 1245 929 1307 aute
960 1241 1020 1306 filii
1051 1261 1164 1307 nomen
1198 1245 1265 1307 erat
1295 1243 1505 1326 proponenda,

361 1353 435 1434 quia
456 1354 547 1435 pater
574 1354 645 1415 ante
675 1351 879 1435 cognoscitur
906 1352 937 1414 et
960 1353 1034 1434 post
1056 1352 1177 1433 patrem
1207 1349 1293 1415 filius
1316 1351 1505 1415 nominatur.

359 1458 460 1542 igitur
491 1476 575 1522 nnus
608 1456 687 1522 deus
715 1459 815 1540 pater,
849 1460 881 1522 et
913 1457 995 1522 alius
1029 1456 1149 1538 absque
1183 1475 1303 1523 eonon
1333 1460 1392 1522 est
1426 1456 1504 1540 qnod

359 1566 429 1649 ipse
447 1565 586 1629 inferens
604 1583 666 1628 non
685 1562 787 1629 filium
807 1567 913 1648 negat,
938 1563 994 1628 sed
1014 1562 1113 1628 alium
1132 1564 1234 1628 doum.
1259 1567 1404 1630 oetemm
1428 1565 1505 1628 alius
1522 1585 1543 1620 u

361 1691 379 1736 a
406 1671 495 1752 patre
522 1668 609 1734 filins
637 1687 698 1734 non
726 1673 784 1735 est
814 1669 948 1752 denique
975 1669 1095 1750 inepioe
1128 1669 1294 1752 sequentia
1326 1669 1506 1736 huiusmodi

360 1775 666 1860 pronuntiationum,
703 1779 736 1840 et
768 1776 910 1840 inuenies
943 1776 1008 1840 iere
1045 1775 1084 1840 ad
1115 1774 1273 1840 idolorum
1310 1776 1506 1842 factitatores

360 1889 456 1966 atquo
480 1884 618 1948 oultores
642 1881 855 1948 definitionem
880 1901 986 1947 aarum
1011 1881 1177 1965 pertinere,
1205 1887 1243 1947 ut
1269 1883 1505 1949 multitudinem

362 1991 514 2056 falsorum
531 1988 661 2053 deorum
679 1989 755 2054 unio
770 1988 948 2054 diuinitatis
967 1989 1112 2072 expellat,
1132 1988 1252 2054 babens
1270 1992 1377 2054 tamen
1398 1989 1506 2056 filium.

362 2099 480 2180 quanto
498 2093 702 2160 indiuiduam
721 2099 754 2160 et
771 2096 985 2178 inseparatum
1002 2099 1132 2178 epatre,
1151 2099 1239 2160 tanto
1257 2095 1289 2159 in
1309 2099 1401 2178 patre
1419 2115 1542 2180 rapu-1⁵

361 2203 505 2280 tandum,
544 2203 606 2268 etsi
637 2221 698 2266 non
730 2203 939 2267 nominatum.
977 2202 1085 2285 atquin
1119 2203 1147 2266 si
1178 2202 1374 2268 nominasset
1406 2204 1505 2271 illum.

363 2312 552 2393 separasset,
581 2309 627 2373 ita
656 2309 776 2373 dioeus:
811 2309 893 2372 alius
922 2313 1046 2391 praeter
1073 2327 1125 2372 me
1153 2326 1214 2373 non
1243 2311 1303 2383 est,
1331 2307 1397 2373 nisi
1424 2307 1506 2373 filius

362 2435 463 2481 meus.
492 2415 590 2480 alium
616 2416 699 2480 enim
723 2415 819 2479 etiam
842 2414 945 2478 filium
968 2415 1108 2490 fecisset,
1138 2434 1230 2497 quem
1260 2415 1299 2480 de
1327 2415 1400 2480 aliis
1425 2433 1507 2480 erce·

362 2523 473 2606 pisset.
496 2525 576 2605 puta
604 2522 705 2587 solem
734 2521 852 2586 disere:
882 2540 941 2606 ego
966 2521 1025 2599 sol,
1056 2525 1088 2586 et
1110 2521 1191 2587 alius
1216 2525 1342 2604 praetor
1368 2541 1420 2587 me
1448 2541 1506 2586 non

362 2633 421 2706 est,
445 2629 507 2693 nisi
531 2628 638 2693 radius
658 2647 763 2693 meus:
788 2646 890 2692 nonne
915 2628 1098 2694 denotasses
1122 2629 1308 2707 uanitatem,
1332 2630 1425 2711 quasi
1447 2649 1506 2694 nou
1522 2649 1542 2687 s

363 2740 396 2801 et
418 2737 525 2801 radius
549 2737 581 2800 in
610 2736 676 2800 sole
701 2735 893 2818 deputetur?
920 2736 1029 2818 itaque
1056 2738 1181 2819 praeter
1209 2735 1420 2820 semetipsum
1447 2756 1507 2802 non

364 2862 434 2909 esse
458 2844 556 2908 alium
582 2843 687 2919 deum,
715 2842 776 2907 boe
803 2845 932 2926 propter
965 2842 1145 2908 idolatriam
1175 2863 1222 2906 ee
1246 2847 1313 2907 tam
1344 2844 1507 2908 nationum

363 2970 457 3031 quam
485 2949 651 3025 Israhelis;
676 2948 772 3014 etiam
801 2955 930 3033 propter
957 2949 1145 3024 haereticos,
1169 2950 1234 3032 qui,
1258 2950 1344 3014 siout
1367 2951 1508 3016 nationes

362 3056 508 3121 manibus
546 3057 593 3121 ita
625 3056 748 3138 stipsi
776 3056 882 3120 uerbis
909 3055 996 3120 idola
1027 3057 1230 3136 fabricantur,
1263 3057 1295 3120 id
1328 3061 1379 3122 est
1411 3059 1507 3123 alium

363 3162 457 3226 deum
478 3165 510 3227 et
528 3163 627 3226 alium
646 3161 820 3228 Christum.
843 3163 944 3247 igitur
962 3166 993 3228 et
1012 3181 1084 3229 oum
1105 3182 1140 3229 se
1157 3183 1255 3228 unum
1275 3165 1508 3246 pronuntiabat,
1523 3184 1543 3224 a

362 3270 428 3335 filio
448 3272 538 3353 pater
556 3270 753 3352 procurabat,
773 3289 813 3334 ne
829 3270 867 3334 ab
882 3271 944 3334 alio
963 3270 1022 3336 deo
1039 3270 1185 3336 Christus
1204 3271 1334 3336 uenisse
1353 3273 1508 3337 eradatur.

363 3376 420 3442 sed
444 3374 483 3439 ab
507 3375 575 3452 illo,
599 3376 655 3458 qui
681 3375 892 3459 praedixerat:
923 3396 995 3460 ego
1025 3377 1124 3442 deus
1153 3380 1192 3442 et
1219 3377 1327 3443 alius
1357 3379 1508 3461 absque

362 3503 419 3547 me
448 3502 521 3547 uon
551 3487 624 3557 est,
654 3483 709 3565 qui
737 3502 771 3547 se
800 3484 939 3558 unicum,
970 3484 1026 3548 sed
1055 3503 1126 3548 oum
1151 3482 1227 3562 filio,
1257 3486 1406 3564 ostendit,
1434 3505 1508 3550 eum

363 3609 424 3673 quo
449 3591 573 3654 eaelum
597 3589 686 3654 solus
710 3590 856 3655 extendit

452 3853 480 3921 9]
501 3853 535 3906 of.
557 3852 602 3908 Es.
622 3853 665 3920 45,
685 3853 710 3906 5.
765 3853 812 3923 27]
833 3853 877 3907 Es.
896 3855 940 3920 45,
960 3855 986 3907 5.
1041 3856 1087 3924 29]
1109 3855 1143 3909 cf.
1162 3853 1208 3908 Es.
1227 3855 1272 3919 44,
1292 3856 1336 3910 24.

398 4048 414 4098 9
438 4045 509 4099 alius
533 4044 635 4115 absque
659 4063 690 4098 eo
709 4046 778 4102 MP.
802 4047 905 4116 absque
929 4065 960 4100 eo
980 4048 1048 4102 elius
1067 4047 1122 4102 Fu
1131 4047 1215 4117 uuiqo
1272 4049 1304 4101 13
1324 4047 1507 4100 definitionem

361 4133 426 4195 RF,
451 4133 637 4187 definitionum
662 4134 689 4187 P
710 4137 738 4201 (fi
761 4150 795 4187 ex
820 4140 844 4198 e)
863 4133 899 4186 M
951 4137 986 4187 20
1010 4134 1168 4188 denotasses
1192 4139 1214 4198 (s
1239 4151 1272 4188 ea·
1294 4138 1307 4188 t
1327 4153 1345 4188 o
1364 4153 1396 4188 m.
1415 4137 1440 4201 1)
1458 4133 1509 4187 M.-

363 4221 521 4275 denotasset
544 4221 601 4276 PF
650 4223 683 4275 21
708 4226 817 4292 praeter
839 4221 887 4283 12³,
910 4239 958 4291 per
980 4221 1107 4277 PMFR¹
1161 4225 1195 4277 ‘22
1224 4225 1357 4278 lumnam
1381 4223 1509 4292 apruni:

363 4311 552 4381 pronuntiasse
572 4327 633 4364 eum
651 4310 781 4378 intellege
799 4311 845 4364 uel
863 4311 967 4364 similia
985 4312 1184 4366 intercide-runt
