3250 4959
354 415 419 478 326
582 412 698 478 Quinti
717 412 856 483 Septimi
875 413 1049 468 Florentia
1068 413 1270 470 Tertulliani

353 610 431 692 quid
454 613 488 674 et
510 611 724 692 concupiscet,
750 613 783 675 et
804 629 865 676 non
890 609 1035 674 curabit?
1066 609 1165 696 igitur
1188 630 1261 675 cum
1284 615 1317 676 et
1340 613 1444 677 uoluit
1467 617 1502 676 et

355 716 517 798 concupiit
548 717 579 780 iu
612 717 751 781 bominis
785 716 933 795 salutem,
970 717 1032 780 iam
1067 729 1100 782 et
1131 715 1193 780 sibi
1229 720 1263 782 et
1298 717 1370 783 aliis
1405 737 1501 802 nego·

353 823 436 886 tium
467 823 553 898 fecit,
585 823 722 904 Epicuro
759 825 894 902 nolente,
929 823 1108 887 consiliario
1145 823 1325 888 Marcionis.
1364 843 1435 888 nam
1469 829 1501 888 et

354 927 571 992 aduersarium
604 926 666 992 sibi
699 927 882 991 constituit:
913 927 1020 1011 ipsum
1053 927 1144 1004 illud,
1172 928 1326 994 aduersus
1355 930 1440 1012 quod
1468 941 1501 993 er

354 1035 461 1100 uoluit
488 1039 521 1098 et
548 1035 710 1116 concupiit
738 1040 771 1098 et
802 1035 938 1111 curauit,
972 1034 1041 1100 siue
1070 1035 1223 1100 delictum
1256 1037 1325 1100 siue
1353 1041 1500 1114 mortam,
1532 1061 1542 1093 :2
1605 1087 1606 1098 ,

354 1140 499 1223 inprimis
530 1143 638 1223 ipsum
671 1140 824 1205 arbitrum
854 1160 961 1205 eorum
991 1147 1024 1206 et
1047 1141 1208 1206 dominum
1239 1143 1388 1218 hominis,
1418 1161 1500 1207 crea·
1605 1129 1606 1136 ἶ

355 1249 467 1313 torem.
491 1266 582 1329 porro
602 1247 680 1310 nihil
699 1247 766 1311 sins
785 1247 997 1312 aemulatione
1017 1247 1172 1324 decurret,
1197 1249 1281 1330 quod
1300 1249 1369 1313 siue
1393 1249 1500 1314 aduer-

356 1355 438 1418 sario
458 1372 518 1418 uon
539 1354 608 1418 erit.
633 1353 768 1435 denique
785 1353 897 1418 uolens
918 1357 950 1417 et
968 1355 1197 1437 concupiscens
1221 1361 1253 1418 et
1270 1373 1383 1419 curans
1402 1355 1500 1420 bomi—

355 1479 428 1524 uem
447 1460 589 1533 liberare,
617 1461 676 1525 boc
697 1461 768 1542 ipso
791 1461 856 1524 iaru
880 1461 1058 1525 aemulatur
1081 1465 1221 1539 etcum,
1248 1481 1266 1524 a
1290 1481 1351 1543 quo
1376 1461 1499 1531 liberat,
1606 1445 1607 1458 ¹

356 1568 511 1632 aduersus
530 1587 601 1632 eum
622 1568 747 1632 scilicet
766 1568 827 1631 sibi
845 1567 1047 1647 liberaturus,
1067 1571 1099 1632 et
1117 1587 1163 1644 ea,
1182 1568 1220 1631 de
1241 1567 1356 1650 quibus
1374 1568 1498 1632 liberat.
1517 1593 1540 1632 ιο

355 1675 386 1738 iu
406 1675 469 1739 alia
486 1675 687 1739 liberatums.
706 1674 837 1758 proinde
853 1679 957 1738 autem
975 1675 1178 1739 aemulationi
1193 1679 1359 1738 occurrant
1373 1693 1500 1739 necesse

357 1786 407 1845 est
447 1782 599 1846 officiales
641 1801 718 1846 suae
755 1782 787 1845 in
825 1800 872 1855 ea,
911 1800 990 1863 quaa
1028 1782 1219 1846 aemulatur:
1261 1782 1307 1846 ira
1344 1781 1500 1846 discordia
1607 1799 1608 1810 ¹

357 1889 465 1953 odium
507 1889 688 1975 dedignatio
728 1887 907 1972 indignatio
948 1888 1022 1952 bilis
1064 1888 1204 1952 uolentia
1245 1887 1374 1952 offensa.
1424 1889 1500 1952 haec

356 1995 463 2058 omnia
494 1996 522 2060 si
553 1996 760 2060 aemulationi
793 1994 963 2070 adsistunt,
996 1993 1168 2058 aemulatio
1200 1997 1307 2058 autem
1340 1994 1499 2058 liberando

356 2102 476 2166 homiui
509 2106 666 2185 procurat,
699 2102 846 2166 liberatio
880 2107 986 2165 autem
1014 2101 1151 2164 hominis
1181 2099 1320 2182 operatio
1349 2100 1499 2164 bonitatis
1518 2129 1539 2166 o

357 2211 416 2284 est,
449 2227 510 2271 uon
543 2210 661 2290 poterit
694 2228 732 2272 ea
759 2208 884 2272 bouitas
918 2208 985 2272 siue
1018 2207 1086 2271 suis
1121 2206 1260 2282 dotibus,
1292 2205 1325 2270 id
1354 2211 1405 2270 est
1434 2207 1498 2270 siue

357 2314 505 2378 sensibus
529 2321 562 2378 et
584 2315 773 2395 adfectibus,
798 2333 853 2396 per
877 2333 956 2395 quos
981 2313 1218 2378 administratur
1242 2311 1395 2378 aduersus
1419 2331 1499 2377 crsa-

356 2421 468 2497 iorsm,
506 2440 543 2484 ne
572 2422 619 2485 sic
647 2440 771 2503 quoque
800 2420 996 2486 inrationalis
1020 2420 1261 2502 praescribatur,
1290 2419 1317 2484 si
1342 2429 1446 2483 careat
1468 2423 1498 2482 et

357 2527 503 2591 sensibus
523 2532 554 2591 et
572 2527 751 2592 adfectibus
772 2528 897 2592 debitis.
927 2527 1003 2590 hacc
1021 2529 1123 2590 multo
1146 2526 1272 2608 plenius
1296 2525 1497 2590 defendemus

358 2633 389 2696 in
415 2653 511 2697 causa
534 2636 697 2703 creatoris,
721 2636 752 2698 irr
778 2653 840 2716 qua
864 2639 896 2697 et
919 2635 1152 2716 exprobrantur.
1515 2664 1537 2700 a

403 2743 454 2804 26.
481 2741 524 2805 At
551 2741 603 2805 hic
631 2741 752 2806 sufficit
779 2741 1058 2822 peruersissimum
1087 2739 1182 2804 deum
1210 2739 1336 2804 ostendi
1368 2739 1400 2804 iu
1432 2739 1498 2822 ipso

357 2849 523 2929 praeconio
543 2849 702 2912 solitariae
721 2848 883 2922 bonitatis,
905 2867 966 2929 qua
985 2848 1097 2910 nolunt
1112 2848 1139 2909 ei
1155 2846 1331 2911 adscribere
1346 2845 1499 2910 eiusmodi

357 2959 465 3018 motus
494 2954 600 3030 animi,
630 2975 709 3036 quos
738 2955 771 3018 iu
800 2959 940 3017 creatore
965 2953 1206 3036 reprehendunt.
1244 2953 1272 3018 si
1295 2953 1379 3016 euim
1402 2971 1500 3034 neque

358 3060 536 3124 aemulatur
558 3081 659 3142 neque
682 3061 830 3125 irascitur
853 3080 954 3142 neque
978 3061 1105 3124 damnat
1128 3078 1231 3141 neque
1259 3063 1363 3124 uexat.
1393 3063 1500 3140 utpote

358 3167 413 3247 qui
441 3187 499 3232 nec
526 3168 664 3231 iudicem
691 3173 842 3249 praestat.
876 3187 936 3232 non
970 3167 1106 3242 inuenio,
1141 3166 1299 3248 quomodo
1333 3165 1382 3229 illi
1411 3165 1530 3232 disci-rs

357 3273 517 3354 plinarum
540 3275 619 3337 ratio
644 3276 808 3351 consistat,
842 3274 1026 3356 etquidem
1052 3274 1180 3355 plenior.
1220 3275 1312 3355 quale
1336 3278 1386 3336 est
1410 3273 1500 3337 euim.

358 3385 396 3442 ut
422 3384 592 3462 praecepta
619 3382 796 3444 constituat
824 3401 884 3444 rron
911 3385 1109 3460 executurus,
1140 3383 1177 3444 ut
1201 3379 1316 3444 delicta
1339 3379 1500 3461 prohibeat

359 3503 418 3548 uon
444 3485 676 3550 uindicaturus.
706 3485 863 3567 quianon
888 3485 1098 3562 iudicaturus,
1129 3492 1294 3549 extraneus
1318 3485 1442 3549 scilicet
1462 3485 1499 3548 ab

360 3591 507 3655 omnibus
537 3594 683 3656 sensibus
713 3593 895 3656 seueritatis
929 3596 960 3656 et
988 3591 1292 3656 animaduersionis?
1333 3610 1389 3655 cur
1421 3591 1499 3655 euim

397 3772 408 3821 l
426 3757 462 3836 qd
476 3769 518 3831 M,
534 3770 605 3836 quod
619 3769 646 3822 R
692 3769 798 3821 curabit
811 3769 859 3828 Bi,
880 3769 984 3822 curauit
997 3767 1070 3822 MR¹
1124 3769 1140 3819 2
1160 3767 1297 3835 concupiit
1312 3771 1362 3832 <et
1382 3766 1498 3829 curauit>

353 3862 424 3927 sord
445 3861 480 3926 cs.
501 3861 626 3910 tdctd
666 3857 832 3911 3llarcionc
852 3857 904 3911 Urs
940 3858 1059 3924 bipsum
1073 3873 1124 3909 om.
1140 3856 1169 3908 F
1222 3855 1369 3921 domiuum,
1389 3855 1501 3908 hominis

358 3949 444 4016 arripe
506 3947 757 3998 lrrrminis—-curaus
777 3963 827 4000 om,
847 3945 877 3998 l·
923 3946 954 3998 10
974 3943 1271 3998 aduersus..eumM
1333 3943 1502 3998 liberaturus

360 4046 388 4088 et
403 4053 435 4088 ea
452 4035 518 4088 l'rs:
532 4035 695 4088 liberaturus
711 4052 770 4086 cuur
781 4035 890 4093 le⁵¹d',
905 4035 1068 4086 liberaturus
1084 4049 1142 4085 curu
1157 4032 1195 4086 R¹
1243 4033 1273 4085 11
1291 4035 1382 4085 autem
1395 4031 1501 4098 sumpsi:

360 4126 432 4176 eninr
454 4125 596 4181 Midum.
622 4125 651 4176 F
696 4125 727 4176 13
747 4124 900 4190 indignatio
921 4123 984 4175 bilrs
1003 4123 1049 4184 12³,
1069 4121 1245 4186 indignabilis
1263 4120 1336 4175 ΜΗ1
1394 4122 1426 4173 15
1445 4135 1502 4189 pro·

360 4218 451 4264 currat
465 4213 498 4264 ,u
550 4215 582 4266 16
601 4229 654 4265 nou
673 4214 775 4280 potr-rit
792 4229 829 4264 sc.
849 4228 911 4278 ease,
930 4211 1076 4263 sacrandum
1097 4210 1209 4276 ellipsin
1227 4208 1336 4262 nicotori
1352 4209 1502 4262 sollemnem

362 4303 394 4354 lt
415 4319 483 4370 quos
502 4302 549 4368 12²,
570 4319 650 4370 quoru
669 4301 741 4354 Mll¹
800 4302 832 4353 19
852 4301 903 4354 hoc
922 4300 949 4352 p·
