3250 4959
355 409 414 464 VII.
435 410 603 464 Aduersus
621 409 821 464 Marcionem
841 409 887 463 lib.
908 409 921 462 I
941 409 1059 464 ‘dit—lib.
1079 407 1106 462 II
1128 411 1150 464 1.
1273 413 1337 476 333

187 621 249 670 sun
276 606 423 686 tempori.
457 606 542 669 sicut
569 607 601 668 et
628 605 769 688 ipsarum
803 605 1031 686 seripturarum
1064 605 1337 683 examinationem,

188 712 307 792 quibus
333 712 471 776 Marcion
495 710 603 776 utitur.

578 988 704 1044 LIBER
723 988 949 1044 SECVNDVS.

191 1155 195 1162 ·
237 1117 266 1178 1.
290 1081 429 1181 Occasio
456 1116 647 1182 rettrmandi
676 1116 822 1199 opusculi
850 1117 956 1196 huius
990 1119 1041 1182 cui
1076 1119 1152 1201 quid
1184 1119 1337 1183 acciderit

152 1248 167 1286 a
188 1223 293 1304 primo
312 1221 457 1287 libellulo
476 1223 610 1306 praelati
630 1242 751 1289 sumus.
776 1225 837 1287 hoc
857 1243 982 1306 quoque
1007 1225 1143 1288 contulit
1165 1225 1266 1302 nobis,
1290 1225 1338 1289 uti

189 1329 315 1393 dnobus
348 1329 409 1393 diis
442 1330 596 1394 aduersus
629 1331 823 1394 Marcionem
854 1332 1061 1394 retractandis
1095 1349 1188 1396 suum
1224 1332 1338 1413 cuique

190 1435 321 1500 titulum
351 1441 384 1500 et
409 1437 561 1501 uolumen
592 1437 863 1520 distingueremus
897 1456 952 1519 pro
985 1437 1137 1502 materiae
1170 1437 1338 1514 diuisione,

161 1577 165 1583 ·
189 1543 326 1606 alterum
341 1544 435 1607 deum
451 1543 636 1608 definientes
651 1544 778 1608 omniuo
798 1563 859 1608 non
879 1563 959 1610 esse.
980 1545 1114 1609 alterum
1135 1543 1339 1608 defendentes

190 1649 287 1732 digne
307 1650 498 1726 demessa,
517 1656 672 1732 quatenus
686 1652 732 1715 Ita
746 1651 880 1714 Pontico
895 1651 1017 1733 placuit
1036 1651 1170 1714 alterurn
1192 1651 1339 1714 inducere

141 1781 169 1818 ro
190 1756 327 1821 alterum
345 1757 518 1821 excludere.
542 1775 603 1821 non
622 1758 707 1820 euim
726 1761 851 1839 poterat
870 1756 1033 1821 aedificare
1052 1757 1251 1820 mendacium
1271 1757 1339 1820 sine

191 1862 396 1927 demolitione
422 1863 579 1928 ueritatis.
610 1865 696 1928 atiud
720 1865 872 1928 subruere
896 1883 1025 1928 necesse
1049 1864 1170 1939 babuit,
1196 1868 1231 1926 ut
1254 1862 1339 1944 quod

191 1970 293 2034 uellet
315 1974 499 2034 exstrueret.
524 1972 571 2034 sie
595 1970 742 2034 aedificat
765 1971 819 2053 qui
843 1970 969 2052 propria
991 1974 1138 2052 paratura
1161 1973 1254 2035 caret.

238 2075 430 2158 Oportuerat
448 2081 554 2142 autem
574 2077 606 2140 in
626 2077 686 2141 hoo
710 2077 814 2142 solum
839 2078 1047 2158 disceptasse,
1073 2077 1157 2158 quod
1180 2094 1272 2140 nemo
1297 2075 1340 2140 sit

192 2181 271 2246 deus
285 2183 352 2257 iile,
365 2184 426 2266 .qui
446 2185 579 2248 creatori
599 2184 831 2266 superducitur,
851 2188 889 2248 ut
902 2185 982 2248 falso
999 2184 1056 2247 deo
1072 2182 1204 2266 depulso
1219 2181 1339 2265 regulis

143 2305 171 2343 1⁵
193 2288 289 2352 certis
308 2292 342 2352 et
358 2289 483 2354 unicam
504 2293 537 2353 et
554 2290 726 2371 perfectam
742 2290 1030 2372 praescribentibus
1046 2290 1245 2354 diuinitatem
1261 2288 1340 2351 nihil

191 2396 256 2459 iarn
276 2399 479 2478 quaereretur
495 2395 527 2459 in
548 2396 643 2460 deum
667 2415 790 2468 uerum,
815 2415 908 2478 quem
934 2398 1052 2476 quanto
1077 2398 1235 2460 constaret
1259 2413 1339 2458 esse.

193 2503 302 2566 ——sic
323 2522 460 2585 quoque,
485 2503 561 2567 dum
581 2503 679 2566 alium
698 2521 768 2568 esse
788 2522 849 2566 non
874 2506 1001 2568 constat
1023 2537 1067 2548 -
1089 2506 1177 2567 tanto
1202 2502 1340 2583 qualem·

191 2629 328 2690 eumque
356 2611 424 2674 sine
456 2611 674 2675 controuersia
705 2611 814 2674 haberi
847 2610 982 2688 deceret,
1012 2609 1204 2673 adorandum
1233 2608 1341 2692 potius

191 2735 287 2796 quam
315 2715 519 2780 iudicandum
545 2721 578 2780 et
600 2716 824 2780 demerendum
850 2717 951 2799 magis
977 2735 1072 2798 quam
1095 2715 1339 2779 retractandum.

141 2837 169 2877 το
189 2820 255 2908 [uel
287 2841 382 2904 quam
415 2823 594 2887 timendum
627 2825 666 2888 ob
700 2821 930 2908 seueritatem}
975 2822 1051 2904 quid
1084 2823 1167 2886 enim
1200 2821 1339 2903 amplius

189 2929 311 2992 homini
339 2929 554 2994 necessarium
578 2949 674 3012 quam
699 2949 773 2994 cura
797 2931 828 2994 in
853 2931 946 2994 deum
971 2948 1093 2994 uerum.
1117 2931 1149 2993 in
1174 2948 1278 3010 quem,
1303 2933 1339 2992 ut

229 3121 241 3172 1
262 3120 379 3190 tempori
395 3119 444 3184 Rss,
462 3124 583 3190 ternpore
598 3119 671 3175 MR¹
735 3121 960 3174 examinationem
973 3120 1021 3181 13³,
1041 3121 1238 3173 examinatione
1256 3118 1339 3182 MR¹,

190 3210 372 3262 exanimatum
394 3209 424 3262 F
489 3211 505 3262 2
529 3211 616 3264 utitur
638 3227 688 3263 om.
713 3209 742 3262 F
825 3210 1012 3264 ADVERSVS
1037 3208 1256 3263 MARCIONEM
1278 3208 1338 3262 LIB

189 3296 325 3350 PRIMVS
343 3297 533 3365 EXPLICIT.;
553 3298 691 3353 INCIPIT
710 3299 769 3352 LIB
793 3299 821 3352 II
845 3297 886 3365 M,
914 3299 1033 3367 Expltcit
1061 3299 1129 3351 liber
1157 3300 1266 3367 primus.
1295 3297 1338 3350 ln-

189 3413 257 3482 cipi'r
273 3412 344 3466 liber
362 3379 387 3466 2ο
406 3412 537 3468 aduersus
554 3415 717 3467 Marcionem
737 3415 767 3468 F
819 3417 835 3468 5
854 3413 976 3467 libellulo
996 3415 1037 3482 bt,
1057 3414 1149 3467 libello
1170 3413 1196 3466 It
1251 3414 1267 3465 6
1287 3412 1339 3466 diis

188 3499 261 3562 ΜΡ,
285 3500 343 3554 deis
366 3502 486 3572 Ruutpo
559 3519 636 3556 suurn
660 3504 696 3567 a,
720 3505 762 3556 sui
785 3504 850 3556 ΜΕ
904 3505 936 3557 13
954 3503 1043 3572 primi
1066 3503 1165 3570 capitia
1188 3503 1340 3555 sententiaa

188 3605 248 3642 non
265 3595 330 3658 apte
346 3591 420 3644 inter
435 3607 464 3646 ae
481 3593 624 3646 cadauere
641 3600 711 3646 recte
729 3594 837 3646 monuit
852 3609 906 3645 aaa
925 3591 973 3645 der
992 3593 1063 3646 Vliet
1081 3591 1195 3659 (Studio
1214 3592 1338 3645 ecclesia-

189 3679 260 3732 ctica
269 3697 299 3748 p.
313 3683 369 3747 64).
385 3681 435 3734 boc
447 3681 632 3750 indefectam
647 3687 693 3745 est,
707 3681 782 3750 quod
795 3687 902 3746 erector,
917 3697 978 3734 cnm
989 3683 1097 3735 tertium
1112 3681 1192 3734 edors
1206 3681 1256 3733 boc
1270 3696 1339 3748 opus

190 3785 223 3821 ex
244 3785 302 3822 nno
325 3769 395 3822 duos
417 3769 502 3823 tebras
517 3771 634 3838 faceret,
652 3777 794 3838 postrema
817 3770 903 3823 uerba
923 3769 988 3822 libri
1007 3770 1094 3838 priori
1117 3775 1141 3822 et
1160 3770 1256 3837 prima
1276 3768 1340 3821 libri

188 3857 303 3910 emundi
329 3858 448 3912 addidit.
470 3858 536 3912 inde
562 3860 645 3912 etiam
667 3860 766 3918 euenit,
789 3865 820 3911 ut
841 3875 894 3927 pro
918 3863 1076 3926 oportuerat
1100 3858 1242 3927 quidem,
1267 3856 1340 3924 quod

183 3951 300 4015 propter
308 3946 383 4000 ittod
395 3951 425 3999 at
433 3963 504 4000 nunc
514 3951 593 4014 (334,
603 3949 628 4015 1)
638 3948 808 4015 postulatur,
819 3964 895 4000 nunc
905 3947 1039 4014 terramus:
1049 3949 1208 4014 oportuerat
1220 3950 1338 3998 autern.

186 4052 239 4104 pro
257 4051 311 4103 quo
328 4037 354 4089 ai
371 4037 523 4090 restitueris
537 4037 645 4105 quidem
659 4037 771 4089 reclusis
784 4037 961 4104 postrrrodum
977 4036 1081 4088 additia
1093 4035 1184 4102 facite
1202 4035 1340 4102 intellepcu

185 4125 308 4192 priorem
326 4124 524 4179 contentionem
541 4141 639 4179 nexum
654 4125 736 4178 nrrtto
750 4123 825 4177 iare
840 4125 1013 4192 deficientem.
1072 4126 1101 4176 17
1124 4127 1260 4176 constaret
1273 4123 1339 4188 fort.

191 4214 225 4266 18
244 4213 563 4283 potins—dernerendum
587 4231 638 4268 ona,
658 4213 687 4266 F
756 4214 791 4266 ‘20
816 4214 1071 4267 usk-seueritatem
1090 4213 1200 4266 reclausit
1218 4229 1273 4265 uon
1293 4212 1340 4264 der·

196 4303 267 4357 Vtica
