3250 4959
324 404 389 467 416
560 400 677 465 Quinti
696 400 836 468 Septimi
855 399 1027 453 Florentia
1045 398 1251 454 Tertulliani

325 596 455 661 media
478 593 739 659 Hierusalem
772 596 810 657 ei
839 592 885 657 da
913 593 1071 676 signum
1096 592 1176 657 Tau
1198 592 1237 657 in
1261 592 1475 657 frontibus

326 703 518 767 uirorum.
541 700 610 783 ipsa
631 702 681 763 eei
699 698 783 763 enim
801 699 910 763 littera
929 696 1123 765 Graecorum
1141 698 1220 777 Tan,
1239 703 1349 763 nostra
1368 703 1475 765 auiam

326 810 361 879 Τ.
400 808 523 892 speciae
560 806 674 883 crucia,
712 824 807 888 quam
839 805 1048 888 portendebat
1079 805 1219 871 futuram
1251 806 1284 874 in
1317 806 1477 871 frontibus

325 916 443 981 nostrie
468 914 552 997 apud
574 932 681 979 aarum
706 916 738 977 el
760 912 950 977 catholicam
973 912 1186 987 Hierusalem,
1213 910 1245 977 iri
1275 932 1340 995 qua
1361 914 1476 979 fratrea

327 1023 457 1099 Christi,
481 1022 564 1086 lilioe
588 1019 711 1085 seilicet
735 1020 796 1097 dei,
820 1019 954 1103 gloriam
977 1018 1043 1083 lore
1067 1018 1126 1087 deo
1149 1018 1305 1085 relaturos
1331 1020 1477 1103 psalmus
1504 1040 1516 1077 s

326 1128 501 1195 uicesimua
529 1127 651 1211 primus
680 1127 765 1191 canit
787 1146 824 1191 ex
847 1144 982 1208 persona
1003 1124 1107 1207 ipsius
1130 1124 1250 1190 Christi
1274 1125 1314 1190 ad
1338 1130 1477 1208 patrem:

327 1234 526 1301 enarrabo
564 1252 704 1299 noman
742 1238 852 1297 inum
889 1231 1091 1297 fratribus
1127 1231 1238 1309 mein,
1274 1232 1313 1297 in
1349 1232 1477 1297 medio

327 1341 530 1408 ecclesiae
545 1340 731 1423 hymnum
746 1338 827 1403 cini
842 1337 981 1414 dicam,
996 1374 1039 1383 -
1054 1337 1283 1419 quodenimin
1303 1340 1431 1403 nomine
1446 1344 1478 1403 el

327 1451 442 1531 epiriiu
465 1448 567 1531 ipsine
591 1446 685 1511 hodic
709 1445 777 1511 fieri
799 1444 946 1521 hahebat,
970 1445 1083 1510 merito
1102 1464 1121 1509 a
1139 1464 1174 1511 ee
1192 1446 1337 1509 futurum
1357 1446 1477 1529 praedi·

328 1558 421 1621 cahat
436 1592 473 1602 -
492 1561 524 1619 et
538 1554 633 1637 paulo
649 1554 742 1618 infra:
760 1556 830 1617 aie
849 1552 938 1617 laus
957 1552 1056 1617 mihi
1075 1552 1113 1617 in
1129 1552 1476 1639 ecclesiamagna·
1496 1576 1517 1611 a
1610 1599 1616 1624 ,

328 1668 360 1727 ei
379 1663 410 1726 in
430 1659 626 1743 sexagesimo
647 1659 800 1741 septimo:
823 1658 862 1723 in
882 1658 1080 1723 ecclesiis
1098 1657 1336 1723 benedicite
1362 1660 1477 1725 dorni-

328 1788 416 1833 nnm
450 1766 575 1841 doum,
613 1769 649 1831 ut
682 1765 797 1848 pariter
830 1770 1030 1830 concurreret
1061 1768 1095 1829 et
1122 1764 1264 1829 Micheae
1296 1768 1477 1849 prophetia:

328 1896 403 1940 non
428 1874 709 1939 eeiuolnniae
733 1892 828 1939 mea.
853 1872 1178 1949 diciturenim,
1202 1874 1477 1940 eleacrilicia

329 1985 471 2049 ueaira
490 2000 563 2045 non
584 1979 798 2062 excipiam
824 1985 1012 2061 quoniam
1031 1979 1078 2043 ah
1102 1983 1193 2045 ortu
1218 1980 1325 2045 eolis
1351 2000 1476 2063 neque

329 2091 367 2153 in
393 2106 580 2154 occasum
604 2105 742 2151 nornen
766 2105 891 2151 meum
913 2086 1195 2170 glorificatum
1214 2087 1330 2153 estin
1351 2089 1516 2153 natio-1⁵

330 2196 450 2259 uibus
471 2198 509 2257 et
528 2194 566 2257 in
585 2193 690 2257 omni
709 2193 799 2257 loco
821 2192 1074 2256 sacrificium
1093 2192 1344 2257 nomiuimeo
1361 2194 1477 2259 oller·

329 2306 405 2377 tur,
444 2305 483 2364 et
527 2298 783 2365 sacrificium
822 2299 1018 2376 mnndum,
1051 2300 1174 2383 gloriae
1210 2299 1335 2366 scilicet
1367 2303 1477 2367 ralatio

330 2414 361 2472 et
384 2405 562 2471 benedictio
587 2410 620 2469 el
642 2405 712 2470 lana
736 2408 768 2470 et
790 2406 908 2488 hymni.
931 2424 1011 2488 quae
1031 2407 1138 2471 omnia
1155 2425 1229 2471 cum
1247 2406 1278 2471 in
1297 2411 1331 2472 te
1349 2428 1476 2491 quoque

330 2512 612 2597 deprehendantur,
637 2516 669 2576 el
693 2512 893 2597 signaculum
915 2513 1068 2579 frontium
1092 2518 1126 2579 ei
1147 2514 1356 2579 ecclesiarum
1376 2534 1477 2581 eucra-

330 2624 437 2687 menta
456 2624 488 2684 ct
502 2619 675 2685 munditiae
691 2619 926 2701 sacrificiorum,
945 2622 1041 2686 debes
1055 2621 1117 2685 iarn
1133 2639 1306 2703 erumpere,
1326 2623 1376 2687 uti
1391 2622 1476 2687 dicae
1493 2642 1516 2680 n

331 2728 478 2812 spiritum
502 2726 652 2791 crealoris
676 2730 732 2793 tuo
758 2725 884 2791 Christo
907 2728 1125 2811 propheiasoe.

375 2836 428 2899 23.
453 2834 555 2911 Nunc,
580 2833 651 2915 quia
678 2852 749 2897 curn
768 2833 894 2899 Iudaeis
914 2853 1011 2917 negas
1029 2834 1155 2901 ueniaae
1175 2833 1339 2901 Christum
1358 2856 1477 2901 eorum.

330 2958 523 3023 recognosce
553 2942 584 3003 et
613 2940 730 3005 exitum
759 2940 912 3021 ipsorum
942 2958 1036 3023 quem
1064 2944 1139 3024 poet
1161 2941 1324 3008 Christum
1348 2944 1477 3009 relaturi

330 3044 592 3128 praedicabantur
624 3044 663 3109 ob
696 3046 905 3127 impietatem,
943 3065 1005 3126 qua
1037 3066 1111 3111 oum
1142 3051 1174 3111 et
1206 3046 1418 3130 despexerunt
1447 3061 1479 3114 eu

330 3153 566 3217 interemerunt.
599 3152 737 3233 primum
771 3151 854 3217 enim
887 3172 922 3215 ex
956 3153 1016 3231 die,
1051 3173 1114 3236 qua
1144 3154 1321 3219 secundum
1349 3156 1475 3221 lleaiam
1497 3170 1521 3215 a

331 3259 465 3342 proiecit
502 3259 596 3324 homo
635 3264 876 3342 aspernamenta
913 3278 972 3324 ena
1007 3280 1102 3325 aurea
1134 3264 1167 3325 et
1202 3266 1361 3345 argentea,
1400 3280 1478 3345 quae

421 3467 635 3536 7]Ps.21‚23.
702 3467 747 3537 10]
768 3469 811 3524 Pa.
832 3468 876 3536 21,
894 3470 937 3523 26.
1009 3469 1244 3539 lurcuzar.
1305 3470 1477 3540 18]llal‚l.

334 3557 438 3610 10-11
503 3557 635 3623 aa-lra
656 3558 683 3625 3]
705 3556 738 3611 cl'.
758 3556 819 3611 adu.
839 3556 953 3611 ludaeos
974 3576 995 3612 c.
1016 3560 1057 3612 13.
1112 3558 1157 3629 25]
1178 3559 1211 3613 cl.
1230 3559 1276 3613 Es.
1295 3560 1320 3618 2,
1340 3560 1384 3614 20.

371 3732 510 3801 laignum
530 3730 572 3785 M.
592 3730 716 3799 signali
796 3732 863 3785 chau
882 3731 945 3785 MR
1017 3732 1200 3788 atnauassr
1267 3734 1484 3801 araceus

333 3822 349 3869 5
369 3820 425 3872 lore
446 3819 483 3871 M
498 3821 573 3887 (sora
587 3836 607 3872 e.
618 3825 695 3887 carl.
708 3821 766 3887 sul.
782 3826 806 3873 el
822 3821 899 3887 arrad
911 3822 991 3877 ulica.
1006 3823 1077 3875 sicul
1092 3822 1215 3886 Liuium,
1229 3824 1394 3891 inuenitur),
1409 3826 1480 3879 sorte

333 3907 380 3973 13¹,
399 3907 469 3977 patri
490 3907 621 3975 llluulco
676 3907 808 3961 relaturos
828 3908 875 3975 Rl,
895 3908 1027 3962 relaturus
1047 3908 1121 3963 MB¹
1175 3910 1386 3978 {laurentinam
1405 3914 1480 3965 indi-

333 4023 410 4075 cauit
431 4023 494 4091 linc
546 4024 575 4075 ll
597 4016 763 4091 sexagesimo
783 4024 898 4092 septimo
919 4026 1003 4079 Para:
1021 3994 1103 4079 Lv11⁰
1114 4026 1156 4089 Μ,
1176 4026 1400 4097 quiuquagesimo
1419 4046 1481 4098 aep-

332 4112 398 4163 lirno
419 4110 446 4164 R
504 4112 535 4163 1‘2
554 4112 676 4165 lliclreac
695 4110 766 4180 MR,
785 4112 934 4167 Malachiae
949 4114 1019 4167 Pam
1038 4120 1125 4183 (recte.
1145 4122 1281 4183 quantum
1298 4117 1339 4171 ad
1354 4133 1420 4185 ren,
1433 4118 1483 4173 aad

332 4198 444 4265 aaronica
458 4199 605 4265 confundi!
617 4200 776 4267 prophetica
790 4204 898 4267 auctor)
938 4204 970 4255 ll
985 4205 1114 4273 excipiam
1128 4204 1199 4269 ΜΕ,
1213 4205 1344 4275 accipiam
1358 4205 1482 4275 Ranae

336 4288 367 4339 15
379 4288 559 4355 glorificatum
569 4290 653 4340 Pam:
670 4290 816 4355 gloriatum
828 4290 888 4343 MR
924 4293 959 4343 ‘24
974 4299 1002 4345 et
1017 4292 1248 4361 despexeruntM,
1263 4293 1481 4364 despexeruntll
