3250 4959
442 384 1094 440 11.necarnisssesurreetione31-32.
1303 386 1342 450 71

195 581 296 646 rectio
321 581 417 645 etiarn
442 581 665 645 deauratorum
689 598 867 663 corporum,
893 598 964 644 cum
989 579 1130 662 deipsis
1154 579 1345 644 deuoratori-

196 688 258 752 bns
284 687 403 752 exactio
428 687 571 752 edicitur.
596 695 674 767 puto
699 691 805 750 autern
835 686 932 751 huius
957 706 1083 769 quoqne
1111 686 1235 751 diuinae
1259 689 1345 768 pote·

198 795 292 862 statis
314 795 538 859 documentum
558 793 707 858 idoneum
727 794 849 868 Ionam,
864 812 935 857 cnm
956 793 1161 877 incorruptus
1178 797 1347 874 utramque

197 900 422 978 substantiam,
447 918 571 965 carnem
596 903 691 983 atque
716 900 864 977 animam,
893 899 930 963 de
955 901 1028 964 alno
1050 900 1150 982 piscia
1175 900 1345 976 euoluitur,

161 1031 175 1070 e
197 1047 242 1056 —
254 1011 286 1072 et
299 1008 411 1090 utique
422 1007 526 1072 triduo
539 1007 780 1090 concoquendae
792 1008 876 1072 carni
885 1007 984 1090 (tam)
994 1007 1119 1071 uiscera
1128 1007 1191 1070 ceti
1205 1006 1346 1071 suffecis-

199 1118 271 1180 sent
295 1133 388 1196 qnam
409 1114 569 1196 capulum,
594 1133 689 1196 quam
709 1115 903 1197 sepulcrum,
928 1133 1023 1196 quam
1043 1114 1166 1178 senium
1186 1113 1345 1194 requietae

197 1228 294 1304 atque
319 1221 462 1285 conditae
482 1221 617 1286 aliamue
638 1221 830 1304 sepulturae,
849 1257 891 1267 -
911 1222 1002 1284 saluo
1022 1239 1069 1297 eo,
1090 1219 1173 1302 quod
1194 1224 1226 1284 et
1243 1218 1346 1284 bestia
1370 1300 1374 1306 q

197 1329 282 1393 feros
310 1329 342 1392 in
372 1327 585 1394 Christianum
616 1327 667 1391 uel
696 1327 831 1392 manime
859 1345 972 1391 nornen
1000 1326 1144 1392 homines
1178 1325 1230 1390 uel
1258 1327 1346 1409 ipsos

198 1436 295 1500 etiam
319 1433 499 1516 iniquitatis
519 1433 648 1516 angelos
667 1431 829 1516 figurauit,
855 1432 893 1496 de
913 1432 1028 1514 quibus
1053 1433 1185 1516 sanguis
1205 1433 1347 1517 exigetur

148 1567 178 1608 ro
197 1561 254 1625 per
286 1541 440 1605 ultionem
471 1539 675 1622 pensandam.
710 1540 781 1620 quis
815 1557 889 1623 ergo
924 1539 1065 1604 discendi
1097 1540 1200 1622 magis
1234 1538 1345 1604 adfinis

198 1667 294 1731 quam
322 1646 545 1731 praesumendi
574 1649 606 1709 et
634 1645 779 1710 credendi
809 1645 992 1730 diligentior
1015 1665 1108 1729 quam
1137 1644 1346 1710 contendendi

198 1761 231 1820 et
255 1756 380 1820 diuinae
403 1755 510 1838 potius
535 1754 708 1837 sapientiae
731 1754 902 1840 religiosus
927 1773 1021 1835 quam
1046 1773 1122 1818 snae
1143 1753 1345 1828 libidinosus,

198 1860 331 1926 audiens
355 1859 474 1943 aliquid
494 1879 512 1924 a
531 1861 589 1925 deo
615 1859 808 1924 destinatum
827 1861 859 1924 in
879 1879 986 1924 carnes
1006 1864 1039 1924 et
1062 1863 1152 1924 cotes
1177 1863 1209 1923 et
1231 1877 1345 1924 neruos

198 1970 232 2034 et
255 1947 337 2046 ossa,
363 1967 450 2033 aliud
474 1968 551 2050 quid
573 1967 650 2032 haec
676 1969 954 2044 commentabitur,
983 1968 1073 2050 quasi
1100 1986 1161 2031 non
1189 1967 1220 2030 in
1245 1965 1345 2030 borni-

150 2101 179 2142 ιι
198 2095 271 2139 nem
309 2074 486 2139 destinetur
518 2073 601 2156 quod
633 2074 664 2137 in
696 2073 776 2138 istas
810 2074 1008 2139 substantias
1040 2072 1259 2157 praedicatur?
1291 2075 1347 2137 aut

199 2180 282 2245 enim
307 2180 387 2244 nihil
409 2181 441 2244 in
466 2180 623 2246 hominem
650 2179 837 2259 destinatur,
866 2199 926 2244 non
953 2179 1129 2244 liberalitas
1157 2180 1256 2262 regni,
1285 2198 1345 2243 non

199 2286 354 2352 seneritas
386 2285 508 2354 iudicii.
537 2305 598 2350 nnn
627 2284 849 2369 quodcumque
879 2290 928 2350 ost
951 2287 1150 2361 resurrectio,
1175 2289 1231 2350 aut
1258 2286 1286 2349 si
1313 2286 1344 2349 in

198 2393 358 2457 hominem
380 2391 566 2470 destinatur,
591 2412 719 2458 necesse
744 2395 794 2457 est
812 2392 844 2456 in
869 2412 921 2458 eas
942 2393 1138 2457 substantias
1158 2393 1344 2470 destinetur,

201 2519 238 2564 ex
262 2499 379 2581 quibus
398 2499 492 2566 borno
516 2503 658 2565 structus
678 2503 737 2575 est,
761 2501 792 2564 in
819 2519 913 2581 qnem
937 2500 1122 2564 destinatur.
1145 2499 1225 2564 illud
1249 2499 1345 2595 etiam

153 2637 182 2678 ιο
201 2606 239 2670 de
273 2605 487 2690 argutissimis
519 2605 591 2672 istis
625 2606 878 2672 demutatoribus
911 2612 1043 2670 esserunt
1077 2610 1109 2670 et
1141 2606 1280 2670 carnium
1314 2609 1346 2669 et

200 2732 369 2777 neruorum
394 2717 426 2776 et
450 2713 666 2795 sepulcrorum
690 2713 828 2795 requiro,
858 2731 924 2791 eur,
952 2713 981 2778 si
1005 2711 1129 2794 quando
1152 2713 1184 2777 in
1208 2711 1344 2776 animam

200 2820 278 2902 quid
297 2817 529 2904 pronuntiatur,
549 2820 628 2884 nihil
643 2819 729 2884 uliud
749 2820 886 2884 animam
905 2820 1151 2902 interpretantur
1169 2839 1226 2884 nec
1245 2823 1345 2883 trans-

200 2927 325 3012 tingunt
349 2946 416 2991 eam
436 2927 467 2991 in
493 2927 623 2992 alterius
641 2928 686 2992 rei
706 2929 939 3010 argumentum,
965 2946 1036 2991 cum
1055 2946 1131 2990 uero
1151 2927 1182 2988 in
1207 2925 1345 3008 aliquam

201 3033 338 3116 speciem
368 3033 560 3116 corporalem
594 3032 669 3115 quid
702 3033 847 3110 edicitur,
881 3033 986 3097 omnia
1016 3032 1124 3116 potius
1159 3033 1346 3097 adseuerant

154 3171 183 3212 ,a
201 3159 295 3222 quam
319 3139 404 3222 quod
432 3139 631 3204 nominatur?
661 3140 688 3204 si
718 3140 893 3223 corporalia
919 3139 1094 3222 parabolae,
1123 3158 1197 3223 ergo
1226 3142 1258 3204 et
1282 3139 1344 3203 ani·

199 3247 305 3324 malia,
330 3247 358 3311 si
381 3265 441 3310 non
466 3249 499 3310 et
521 3246 678 3322 animalia,
704 3266 777 3330 ergo
801 3265 859 3311 nec
884 3245 1065 3328 corporalia.
1084 3250 1149 3310 tam
1174 3245 1256 3310 enim
1281 3264 1345 3309 cor-

200 3372 261 3435 pus
279 3353 373 3418 homo
394 3371 488 3435 quam
514 3357 545 3417 et
568 3354 685 3431 animm
710 3357 747 3418 nt
769 3373 830 3418 uon
849 3352 953 3436 possit
971 3352 1070 3417 altera
1089 3352 1211 3435 species
1231 3351 1343 3415 admit-

200 3463 266 3524 tere
289 3459 478 3544 aenigmata,
502 3460 601 3524 altera
623 3461 795 3525 excludere.

288 3647 317 3716 4]
337 3647 371 3700 ef.
389 3646 446 3702 Ion.
466 3647 491 3715 2,
511 3648 553 3702 11.
609 3648 634 3718 5]
655 3648 689 3702 el.
708 3648 767 3702 Ion.
787 3651 811 3709 2.
833 3651 858 3703 1.

237 3753 253 3808 3
272 3757 413 3822 utramque
432 3753 612 3809 substantiam
630 3755 700 3820 ΜΕ,
720 3761 834 3825 utraque
853 3755 1005 3810 substantia
1023 3755 1050 3808 P
1101 3757 1119 3808 4
1139 3772 1244 3810 carnem
1263 3759 1345 3825 utque

202 3842 317 3896 animam
344 3841 415 3912 ΜΕ,
448 3860 525 3897 carne
559 3849 641 3914 atque
674 3845 764 3898 anima
790 3846 818 3897 P
902 3845 984 3913 piscis
1011 3846 1048 3898 Μ
1078 3844 1193 3915 (bestiae
1221 3861 1242 3898 a.
1270 3863 1297 3898 u.
1328 3863 1346 3898 u

200 3949 234 3984 m.
263 3933 292 3998 2)
365 3931 499 3986 cuornitnr
517 3933 575 3986 Lat
628 3933 841 4001 bparenthesr'n
859 3934 988 3986 indicaui
1076 3934 1170 4002 ntique
1184 3934 1218 4000 P,
1238 3934 1345 4003 utrique

201 4019 265 4073 ΜΡ
324 4019 415 4074 triduo
434 4019 467 4089 P,
487 4020 605 4074 triduum
621 4021 686 4075 ΜΡ
746 4027 803 4076 tam
824 4022 924 4075 addidi
978 4023 1134 4076 lconditae
1155 4025 1184 4089 (a
1199 4023 1346 4077 condiendi

200 4109 282 4162 umbo
305 4109 419 4176 seilicet)
443 4109 536 4173 PMF,
561 4109 715 4163 reconditae
743 4111 794 4164 cer
816 4111 916 4180 reliqui
987 4110 1079 4164 bestia
1105 4112 1216 4178 scribo:
1243 4111 1345 4164 bestias

201 4197 293 4251 PMF
357 4197 592 4253 anominisPR1
648 4201 680 4253 13
700 4215 777 4252 carne
797 4200 845 4252 sed
864 4200 901 4252 M
952 4201 987 4253 20
1006 4200 1105 4254 ossium
1124 4199 1151 4254 R
1206 4201 1240 4253 22
1259 4204 1345 4254 trans-

200 4284 307 4354 fingunt
324 4284 419 4350 PMF,
438 4286 601 4356 transfigunt
619 4287 654 4355 R,
673 4287 867 4356 transfigurant
888 4287 939 4342 Gel
