3250 4959
322 422 387 484 404
552 416 667 482 Quinti
687 416 829 485 Septimi
846 414 1019 468 Florentia
1038 411 1242 467 Tertulliani

323 612 495 690 Christum,
528 612 588 676 uisi
622 630 693 675 cnm
726 612 820 695 louge
848 610 945 674 alium
974 607 1267 675 demonstraueritis
1297 627 1316 671 a
1344 607 1464 673 Christo

322 720 483 794 creatoris,
517 738 574 783 nec
607 736 664 782 nos
698 736 770 781 eum
799 718 949 781 creatoris
978 715 1149 791 uindicare,
1181 715 1244 780 nisi
1271 715 1370 779 talem
1398 734 1464 777 eum

322 825 565 903 ostenderimus,
590 824 693 907 qualis
717 824 923 889 constituitur
941 842 960 888 a
978 826 1126 888 creatore.
1150 823 1189 887 de
1206 822 1390 887 nominibus
1407 822 1466 884 iam

321 932 527 997 obduximus:
552 931 631 994 mihi
653 930 781 996 uindico
806 930 980 1005 Christum,
1004 930 1084 995 mihi
1106 928 1239 994 defendo
1262 930 1383 993 lesum.

369 1038 419 1102 17.
439 1038 607 1119 Reliquum
628 1036 769 1101 ordinem
788 1036 857 1100 eius
877 1056 951 1100 eum
965 1035 1132 1119 scripturis
1146 1036 1359 1099 conferamus.
1382 1034 1468 1098 adest
1492 1054 1503 1095 s

321 1164 436 1210 rursus
459 1146 586 1209 Esaias:
612 1142 933 1220 adnuntiamus,
956 1143 1071 1224 iuquit,
1096 1161 1217 1207 coram
1240 1142 1339 1223 ipso:
1364 1141 1468 1204 uelut

321 1252 524 1335 puerulus,
549 1252 658 1315 uelut
681 1250 783 1315 radix
806 1249 842 1313 in
866 1253 966 1313 terra
988 1248 1150 1327 sitienti,
1173 1251 1211 1313 et
1227 1268 1297 1313 non
1318 1252 1379 1312 est
1395 1267 1469 1330 spa

322 1359 401 1423 cies
422 1359 503 1423 eius
524 1376 640 1439 nequo
661 1357 792 1442 gloria,
813 1361 849 1420 et
866 1356 1034 1421 uidimus
1054 1375 1146 1429 eum,
1167 1358 1203 1418 et
1221 1374 1290 1419 non
1308 1355 1469 1419 habebat

322 1466 490 1547 speciem
515 1482 632 1547 neque
657 1464 838 1541 decorem,
867 1463 932 1528 scd
956 1462 1104 1545 species
1128 1462 1210 1526 eius
1233 1461 1467 1526 inhonorata.

322 1571 509 1635 deficiens
539 1569 635 1634 eitra
663 1588 789 1634 omnes
818 1569 997 1645 homines,
1026 1569 1111 1633 sicut
1133 1572 1167 1631 et
1189 1586 1286 1650 supra
1307 1567 1409 1648 patris
1432 1566 1469 1629 ad
1484 1590 1503 1627 u

320 1676 422 1741 filiurn
440 1696 517 1741 uox:
537 1675 852 1758 praemadmodum
876 1679 1129 1757 expauescent
1151 1674 1262 1739 multi
1286 1692 1402 1756 super
1424 1678 1468 1739 te.

321 1784 477 1848 sicsine
497 1783 620 1867 gloria
638 1784 711 1847 crit
730 1783 773 1846 ab
791 1782 1007 1847 hominibus
1024 1782 1143 1846 forma
1156 1784 1230 1845 tua.
1246 1780 1469 1863 quodcumque

319 1890 400 1955 illud
438 1891 663 1973 corpusculum
707 1890 760 1965 sit,
808 1908 944 1971 quonam
985 1888 1098 1954 babitu
1141 1892 1174 1953 et
1215 1906 1353 1971 quonam
1400 1907 1469 1951 eou-

320 2000 433 2079 spectu
460 1998 544 2061 luit?
573 1998 601 2061 si
628 1996 794 2081 inglorius,
820 1996 848 2061 si
870 1996 1031 2080 ignobilis,
1055 1998 1084 2061 si
1110 1995 1351 2071 inhonorabilis,
1379 2014 1469 2059 meus

320 2106 381 2168 erit
413 2102 568 2169 Christus.
602 2103 676 2167 talis
710 2103 792 2167 enim
825 2104 936 2167 babitu
968 2106 1002 2167 et
1032 2102 1186 2186 adspectu
1214 2102 1505 2166 adnuntiabatur.u

319 2230 392 2275 nam
427 2211 488 2274 etsi
521 2210 778 2292 tempestiuus
811 2210 943 2275 decore
976 2210 1060 2292 apud
1093 2210 1199 2275 Dauid
1231 2209 1327 2273 citra
1363 2208 1470 2272 filios

320 2317 521 2393 bominum,
547 2316 602 2381 sad
625 2317 656 2380 iu
681 2316 853 2399 allegorico
876 2318 932 2382 illo
957 2319 1044 2381 statu
1067 2317 1188 2401 gratiae
1205 2315 1372 2397 spiritalis,
1396 2334 1468 2379 curu

320 2422 497 2507 accingitur
525 2442 598 2487 ense
627 2424 792 2496 sermonis,
821 2424 877 2505 qui
899 2442 973 2487 uere
997 2425 1119 2505 speeies
1143 2425 1176 2487 ot
1197 2423 1291 2487 dacor
1313 2426 1348 2487 et
1368 2422 1470 2506 gloria

319 2530 423 2611 ipsius
459 2533 517 2593 est.
552 2533 691 2594 ceterum
724 2530 755 2593 in
790 2530 943 2613 corporali
975 2530 1088 2594 habitu
1119 2529 1204 2611 apud
1234 2529 1372 2593 eundem
1401 2548 1468 2611 pro·

319 2636 449 2718 phetam
474 2636 616 2700 uermis
641 2635 737 2699 etium
764 2639 800 2699 et
822 2653 893 2699 nou
920 2635 1039 2713 homo,
1067 2634 1275 2718 ignominia
1305 2634 1467 2699 hominis
1484 2657 1508 2694 ao

321 2747 357 2806 et
384 2742 644 2807 nullificamen
672 2740 815 2825 populi.
848 2760 949 2823 neque
977 2741 1158 2805 interiorem
1186 2740 1377 2823 qualitatem
1400 2741 1468 2805 eius

319 2848 478 2913 eiusmodi
488 2848 640 2913 adnuntia
652 2854 734 2913 sunt.
746 2849 774 2912 si
790 2849 874 2913 enim
888 2848 1053 2931 plenitudo
1063 2848 1159 2912 inille
1170 2846 1469 2930 spiritusconstitit

319 2974 456 3039 agnosco
480 2956 603 3039 uirgam
629 2956 668 3020 do
692 2954 795 3020 radice
820 2956 922 3021 lesse:
941 2956 1000 3020 flos
1024 2956 1092 3019 eins
1114 2974 1206 3019 meus
1229 2954 1290 3019 erit
1308 2955 1467 3021 Christus.

319 3062 351 3125 in
377 3080 439 3143 quo
463 3062 623 3143 requierit
647 3062 822 3126 secundum
845 3062 974 3126 Esaiam
998 3062 1160 3145 spiritus
1188 3062 1404 3144 sapientiae
1433 3068 1470 3127 et

319 3168 562 3244 intellectus,
587 3168 749 3249 spiritus
775 3168 930 3232 consilii
950 3173 987 3231 et
1005 3168 1161 3253 uigoris,
1186 3168 1349 3250 spiritus
1369 3168 1469 3253 agui·
1487 3188 1510 3227 a

319 3273 438 3338 tionis
463 3276 499 3338 et
521 3273 692 3355 pietatis,
719 3272 880 3354 spiritus
904 3274 1053 3339 timoris
1077 3274 1145 3339 dei.
1174 3275 1385 3357 nequeenim
1410 3275 1469 3339 ulli

408 3482 434 3551 6]
454 3481 500 3534 Es.
521 3482 563 3544 53,
583 3483 662 3535 2-3.
701 3482 745 3551 11]
765 3482 809 3539 Es.
831 3484 932 3545 5214.
972 3484 1016 3552 16]
1030 3484 1075 3537 Pa.
1089 3485 1134 3547 44,
1148 3484 1173 3537 3.
1211 3483 1257 3552 17]
1273 3484 1308 3537 cl.
1322 3484 1368 3540 Ps.
1382 3484 1427 3548 44,
1440 3485 1468 3537 4.

319 3570 362 3639 20]
383 3571 427 3624 Pa.
447 3572 490 3639 21,
510 3571 534 3623 7.
590 3570 635 3638 24]
654 3568 702 3623 Es.
722 3571 763 3633 11,
783 3572 863 3625 2-3.
914 3573 1047 3634 uta-405,
1067 3574 1113 3642 24]
1132 3572 1165 3627 cl.
1185 3572 1248 3628 adu.
1267 3572 1384 3627 Iudaeos
1404 3590 1426 3625 c.
1441 3574 1467 3627 0.

356 3694 390 3747 10
409 3692 538 3745 hominus.
559 3694 629 3745 siout
643 3693 726 3762 culpo
779 3694 810 3746 12
830 3694 916 3747 uerba
935 3694 1382 3763 quodcumque-adnuntiabatur.
1396 3713 1470 3764 quer

317 3783 349 3834 in.
368 3782 430 3836 MR
448 3798 534 3849 supro
553 3788 617 3849 post
642 3800 701 3835 eum
726 3784 866 3852 scripturis
886 3786 1055 3837 conteramus
1075 3786 1210 3852 leputatur,
1228 3784 1283 3837 bue
1305 3787 1470 3853 &amorrei

320 3870 353 3923 13
373 3870 441 3923 illud
461 3870 647 3939 corpusculum
667 3874 703 3939 cs.
723 3888 811 3939 supro
826 3872 843 3925 1.
860 3877 885 3937 0,
903 3876 930 3938 7,
945 3876 981 3925 10
1035 3890 1154 3941 quonum
1176 3874 1273 3927 habitu
1297 3878 1325 3927 et
1348 3890 1465 3942 quonam

319 3962 466 4028 conspectu
480 3959 592 4027 contisi:
607 3962 734 4028 quoniam
749 3960 873 4013 habiturn
888 3964 917 4014 et
931 3962 1057 4030 quoniam
1071 3966 1243 4028 conspectum
1251 3961 1316 4017 MR
1366 3964 1401 4016 14
1414 3964 1468 4017 luit

317 4048 376 4104 scil.
398 4049 476 4102 Iesus
497 4048 623 4102 Christus
682 4050 743 4103 luit.
762 4051 783 4102 si
803 4050 888 4118 sculpo
949 4051 982 4103 16
1001 4052 1070 4104 citra
1088 4050 1150 4104 MR
1168 4053 1214 4119 (os.
1234 4050 1301 4105 uda.
1319 4051 1388 4104 Iud.
1406 4056 1466 4109 lli:

319 4154 400 4204 supra
419 4138 490 4189 Pam
567 4138 596 4191 18
618 4154 708 4190 ensem
723 4138 794 4191 Pom
868 4141 901 4192 19
921 4140 949 4191 in
969 4139 1101 4209 corporali
1121 4140 1217 4194 babitu
1234 4140 1349 4208 ammai:
1369 4140 1466 4193 babitu

318 4224 510 4294 incorporabili
530 4226 590 4279 llllt
663 4226 698 4277 22
717 4226 850 4279 eiusmodi
869 4226 917 4287 Bl,
936 4227 1088 4281 cuiusmodi
1106 4227 1178 4283 MR¹
1252 4228 1386 4282 adnuntia
1403 4234 1467 4282 suut

317 4314 417 4382 scripsi
422 4332 430 4366 .·
449 4314 593 4367 adnuntias
614 4318 658 4377 osen
678 4314 809 4369 adnuntia
828 4324 850 4373 s,
871 4315 953 4382 MR¹,
973 4315 1116 4371 adnuntiat
1134 4317 1265 4387 R³uulpo
