3250 4959
374 415 375 418 ¹
396 391 432 445 ΙΙ.
451 391 497 446 De
517 393 632 447 Carnis
652 353 910 447 iderurrectione
930 394 1044 448 oo-al.
1232 398 1294 460 105

148 586 211 650 tiae
240 588 440 662 reuincendo,
470 589 498 652 si
528 593 592 652 tam
622 589 765 671 abrupte,
798 592 836 653 ut
863 590 992 670 quidam
1020 591 1144 666 uolunt,
1178 591 1295 654 clausis

147 692 232 773 quod
256 694 345 758 aiunt
372 693 484 770 oculte,
514 695 580 759 sine
611 695 824 773 distinctione,
853 696 920 759 sine
949 697 1142 772 condicione,
1171 716 1296 761 omnem

64 799 67 806 '
148 800 268 881 passim
293 819 416 864 carnem
442 806 474 864 et
501 801 687 884 sanguinem
712 822 727 866 a
752 822 849 884 regno
876 802 926 867 dei
957 804 1101 881 extrusit,
1129 803 1241 884 utique
1265 804 1297 864 et

147 907 186 970 ab
219 906 289 988 ipse
320 908 408 990 regia
440 909 610 985 caelorum,
649 927 721 972 oum
754 908 822 972 illic
854 909 956 973 adhuc
989 909 1100 973 sedeat
1131 910 1223 974 Iesus
1257 909 1296 971 ad

118 1014 307 1078 adexterem
340 1015 449 1096 patris,
487 1015 591 1090 homo,
630 1015 691 1080 etsi
729 1013 819 1093 deus,
851 1014 953 1078 Adam
990 1016 1197 1092 nouissimus,
1236 1015 1296 1078 etsi

148 1139 253 1185 sermo
281 1121 461 1202 primarius,
491 1139 562 1186 earo
588 1124 620 1185 ct
653 1122 794 1205 sanguis,
825 1122 887 1185 etsi
915 1123 1033 1185 nostris
1067 1122 1183 1204 purior,
1211 1121 1296 1185 idem

144 1231 251 1292 tamen
267 1239 300 1291 et
313 1227 493 1291 substantia
512 1231 544 1292 et
561 1228 662 1292 forme
682 1247 776 1309 quam
797 1228 949 1303 aseendit,
964 1229 1038 1292 talis
1054 1231 1150 1292 etiam
1169 1228 1297 1292 descen-

146 1353 254 1411 surus,
279 1339 315 1397 ut
338 1334 441 1417 angeli
465 1333 641 1412 adfirmant,
666 1335 886 1417 agnoscendus
911 1336 1034 1399 scilicet
1053 1335 1111 1412 eis,
1132 1335 1186 1417 qui
1204 1335 1296 1398 illum

146 1442 466 1506 conuulnereuerunt.
485 1442 545 1521 hic,
566 1447 731 1523 sequester
749 1442 799 1506 dei
820 1445 915 1524 atque
933 1442 1099 1506 hominurn
1119 1441 1297 1523 appellatus

103 1567 126 1608 ro
146 1567 181 1612 ex
221 1548 388 1630 utriusque
421 1549 519 1630 partis
554 1547 697 1630 deposito
731 1549 903 1612 commisso
937 1549 1009 1626 sibi,
1035 1550 1137 1612 earnis
1171 1567 1296 1629 quoque

146 1653 330 1737 depositum
363 1658 471 1719 seruat
507 1655 538 1718 in
573 1656 757 1737 semetipso,
792 1655 974 1718 arrabonem
1009 1674 1152 1719 summae
1183 1655 1296 1718 totius.

146 1760 417 1842 quemadmodum
441 1761 522 1823 enirn
548 1761 638 1824 nohis
663 1761 846 1825 arrabonem
870 1761 1001 1843 spiritus
1029 1761 1169 1843 reliquit,
1196 1760 1298 1824 itaet

146 1887 164 1930 a
186 1867 280 1931 nohis
305 1867 488 1930 arrabonem
519 1867 620 1930 carnis
644 1867 767 1950 accepit
796 1871 829 1930 et
855 1868 943 1931 uerit
969 1868 1000 1931 in
1029 1869 1151 1931 eaelum
1180 1867 1297 1950 pignus

145 1973 249 2038 totius
283 1991 426 2037 summae
458 1973 536 2036 illuc
570 1973 757 2055 quandoque
790 1973 989 2057 redigendae.
1022 1993 1150 2038 securae
1184 1977 1296 2051 estote,

105 2099 129 2138 ιι
147 2099 219 2144 caro
236 2085 270 2144 et
284 2081 425 2162 sanguis,
445 2080 625 2162 usurpastis
646 2085 678 2143 et
698 2078 820 2143 caelum
841 2085 874 2144 et
891 2099 1023 2165 regnum
1044 2080 1094 2143 dei
1112 2081 1143 2143 in
1160 2078 1296 2145 Christo.

147 2191 203 2250 aut
232 2187 261 2251 si
289 2189 405 2269 negent
432 2205 490 2250 uos
518 2187 550 2249 in
580 2185 716 2262 Christo,
747 2191 863 2270 negent
891 2190 932 2249 et.
954 2187 985 2249 in
1015 2187 1102 2250 caelo
1135 2185 1296 2249 Christum

148 2294 201 2374 qui
235 2293 329 2358 uobis
363 2293 484 2356 caelum
519 2296 723 2376 negauerunt.
755 2293 801 2355 ita
828 2311 895 2356 nec
927 2284 1154 2375 corruptela,
1182 2290 1296 2372 inquit,

148 2400 444 2482 incorruptelam
487 2399 694 2463 hereditati
736 2399 902 2476 habebit,
944 2418 1004 2462 non
1038 2402 1075 2462 ut
1108 2417 1232 2462 earnem
1266 2400 1298 2460 et

147 2508 335 2591 sanguinem
373 2507 535 2570 existimes
573 2506 794 2587 corruptelam,
835 2505 958 2587 quando
991 2506 1062 2586 ipsa
1094 2506 1159 2569 sint
1188 2505 1296 2587 potins

105 2633 130 2674 ιι
146 2613 283 2677 obnoxia
305 2614 512 2694 corruptelae,
535 2633 592 2694 per
614 2617 749 2676 mortem
774 2612 908 2688 scilieet,
938 2611 1097 2693 siquidem
1125 2630 1210 2674 mors
1239 2614 1297 2688 est,

146 2739 227 2801 quae
252 2739 377 2784 carnem
397 2725 430 2782 et
448 2719 634 2803 sanguinem
659 2739 720 2783 non
745 2719 840 2782 modo
867 2719 1043 2800 corrumpit
1065 2736 1177 2781 uerum
1200 2719 1296 2781 etiam

146 2827 317 2903 consumit,
344 2825 409 2902 sed,
435 2827 582 2908 quoniam
609 2845 704 2908 opere
731 2825 833 2889 carnis
862 2829 895 2888 et
922 2825 1086 2908 sauguinis
1114 2843 1174 2887 non
1202 2843 1296 2906 posse

147 2933 301 3014 consequi
332 2952 465 3016 regnum
495 2932 544 2996 dei
578 2933 727 3008 edixerat,
761 2951 824 3014 quo
857 2933 959 3015 magis
988 2932 1048 2995 hoc
1083 2932 1294 3013 exaggeraret,

145 3038 208 3120 ipsi
232 3057 359 3121 quoque
383 3039 589 3121 corruptelae,
614 3039 647 3101 id
672 3046 721 3103 est
744 3040 850 3111 morti,
876 3039 928 3102 cui
952 3038 1054 3102 carnis
1079 3041 1111 3102 et
1130 3036 1294 3120 sanguinis

104 3161 129 3204 ιι
147 3163 241 3226 opera
279 3143 458 3226 proficiunt,
492 3145 700 3209 hereditatem
727 3146 958 3226 incorruptelae
996 3145 1125 3208 ademit.
1162 3163 1236 3207 nam
1265 3147 1296 3208 et

144 3252 240 3334 paulo
260 3259 334 3332 post
351 3251 453 3336 ipsius
469 3252 581 3316 mortis
597 3251 830 3335 quodammodo
849 3256 983 3316 mortem
1004 3250 1168 3332 expressit,
1188 3249 1295 3314 deuo·

232 3561 263 3627 4]
285 3557 320 3613 os,
338 3560 420 3612 Marc.
441 3560 483 3624 16,
505 3560 546 3613 19.
629 3561 656 3628 5]
678 3559 712 3614 of.
732 3559 745 3613 1
764 3559 825 3614 Cor.
846 3562 887 3626 15,
906 3561 949 3614 45.
1024 3559 1049 3628 7]
1071 3560 1104 3611 cf.
1124 3559 1185 3612 Act.
1207 3560 1231 3620 1,
1253 3560 1293 3612 11,

145 3649 172 3716 8]
193 3649 228 3702 cs.
246 3648 306 3702 Ioh.
327 3649 370 3711 19,
389 3649 436 3712 37;
457 3648 536 3702 Zach.
558 3650 598 3715 12,
621 3651 662 3703 10.
718 3651 746 3718 9]
768 3649 802 3702 cf.
820 3649 835 3701 I
853 3649 920 3705 Tim.
940 3649 966 3713 2,
981 3652 1006 3702 5.
1065 3648 1109 3716 11]
1130 3647 1163 3700 cf.
1183 3647 1211 3701 ΙΙ
1232 3645 1292 3701 Cor.

145 3738 169 3800 h,
188 3738 213 3790 5.
272 3738 319 3806 17]
336 3737 349 3790 Ι
368 3736 429 3792 Cor.
451 3738 491 3803 15,
512 3737 554 3792 50.
610 3739 656 3808 26]
677 3739 690 3792 Ι
711 3739 771 3794 Cor.
794 3741 835 3804 15,
855 3740 971 3792 {ao-oo.

179 3929 286 3989 2,ιίηο
309 3927 476 3990 condicione,
498 3943 604 3981 omnem
622 3928 657 3992 B,
683 3944 789 3980 omnem
813 3927 906 3981 PMF
957 3929 974 3981 3
998 3928 1111 3980 extrusit
1133 3928 1293 3997 R³quelr

146 4017 264 4070 extruxit
276 4016 367 4070 ΡΜῙι1
418 4017 433 4068 6
452 4019 544 4086 purior
557 4017 635 4086 Erro:
653 4018 762 4086 puriora
775 4016 838 4083 ΓΒ,
857 4017 947 4085 priora
960 4016 1024 4068 PM
1071 4019 1086 4069 7
1103 4034 1183 4085 quam
1195 4019 1294 4086 scripsi

145 4107 190 4173 (es.
216 4121 244 4174 p.
273 4109 316 4172 41,
341 4108 400 4172 10):
426 4121 478 4174 qus
496 4105 586 4159 PMF
637 4107 654 4159 8
678 4105 866 4174 agnoscendas
891 4104 937 4161 13³.
961 4105 1140 4173 agnoscendis
1163 4106 1292 4160 ΡΜΒἾ]ι

146 4194 178 4246 14
201 4194 290 4248 securi
315 4195 334 4260 (i
358 4209 392 4247 ea·
415 4211 429 4264 q
453 4209 521 4248 corr.
546 4195 582 4257 a)
605 4193 672 4248 ΡΒ1
746 4194 778 4247 18
802 4193 923 4247 habebit.
952 4211 1005 4246 non
1032 4194 1116 4263 urrlqo
1171 4195 1205 4246 22
1230 4213 1293 4248 con·

144 4282 233 4334 sumit.
254 4281 303 4335 sed
321 4283 405 4351 culpo
459 4285 493 4336 24
512 4283 565 4352 ipsi
583 4281 778 4337 Potamou.-
797 4283 855 4352 ipse
869 4281 909 4336 13³
