3250 4959
338 372 402 434 254
565 367 683 432 Quinti
703 367 845 436 Septimi
863 367 1037 422 Florentia
1055 367 1258 420 Tertulliani

338 565 447 647 atquin
472 563 608 628 elidem
633 567 705 628 aute
730 582 853 627 carnem
872 563 1056 642 inuisibilis,
1086 564 1244 645 quomodo
1272 563 1364 628 uisus
1387 565 1490 628 etiam

337 674 420 735 retro
443 670 605 734 inuenitur
628 672 700 734 anto
720 673 867 734 carnem?
891 688 990 751 aeque
1010 670 1038 734 si
1057 667 1140 733 idem
1163 674 1237 753 post
1259 689 1385 734 caruem
1408 669 1489 734 uisi·

338 778 422 856 bilis,
451 775 609 858 quomodo
638 781 671 840 et
693 795 776 841 nunc
803 776 977 840 inuisibilis
1006 777 1226 859 pronuntiatur
1253 777 1291 840 ab
1320 775 1488 858 apostolis,

338 885 399 948 nisi
427 884 503 967 quia
530 883 623 959 alius,
651 903 756 966 quem,
785 887 819 948 et
845 887 929 948 retro
957 883 1063 948 uisum
1091 884 1122 948 in
1147 885 1336 967 aenigmate,
1360 883 1488 966 plenius

337 990 498 1056 nisibilem
527 1009 599 1056 caro
624 990 739 1068 effecit,
768 1009 872 1056 sermo
896 990 1030 1068 scilicet,
1060 990 1170 1072 quiet
1199 1009 1269 1054 caro
1293 990 1400 1054 factus
1424 995 1486 1064 est,
1518 1011 1529 1047 s

338 1097 432 1177 alius,
466 1117 560 1181 quem
589 1117 763 1179 numquam
796 1098 965 1180 qnisquam
994 1097 1086 1170 uidit,
1117 1093 1204 1185 [nisi]
1234 1101 1323 1180 pater
1351 1097 1488 1161 scilicet.

339 1205 430 1269 cuius
450 1208 501 1270 est
519 1209 643 1270 sermo?
668 1205 802 1287 denique
821 1205 1040 1286 inspiciamus,
1060 1225 1154 1287 quom
1179 1205 1315 1288 apostoli
1339 1205 1488 1268 uiderint.

339 1311 445 1394 quod
464 1311 654 1390 uidimus,
671 1312 952 1395 inquitlohanues,
972 1311 1332 1394 quodaudinimus,
1352 1312 1488 1375 oculis

339 1418 1489 1496 nostrisuidimus,etmanusnostraocontrectoueruut

340 1524 384 1588 de
417 1543 600 1589 sermone
638 1524 761 1588 uitae.
798 1544 902 1590 sermo
941 1525 1024 1589 enim
1057 1525 1143 1588 uitae
1181 1542 1252 1588 caro
1288 1524 1392 1588 iactus
1425 1527 1527 1586 esto

338 1632 467 1696 auditus
492 1634 524 1695 et
547 1631 639 1696 uisus
664 1635 695 1696 et
723 1635 949 1712 contrectatus,
977 1631 1050 1714 quia
1079 1650 1161 1712 caro,
1186 1631 1240 1713 qui
1266 1633 1336 1694 ante
1360 1649 1486 1694 carnem

339 1757 442 1803 sermo
467 1741 603 1814 tantum,
626 1738 658 1800 in
686 1738 858 1820 primordio
887 1738 972 1821 apud
1001 1737 1093 1802 deum
1123 1741 1256 1820 patrem,
1285 1757 1346 1802 non
1375 1736 1487 1819 (deus)

337 1849 435 1927 pater.
466 1840 563 1930 [apud
590 1841 781 1930 sermonem]
809 1864 882 1908 nam
912 1845 973 1910 etsi
1001 1845 1079 1909 deus
1109 1864 1221 1925 sermo,
1251 1843 1316 1921 scd,
1345 1843 1419 1925 quia
1449 1863 1485 1905 ex

340 1950 396 2016 deo
434 1950 523 2029 deus,
560 1951 644 2034 apud
681 1950 784 2030 derum,
817 1953 891 2034 quia
924 1972 995 2017 cum
1029 1957 1128 2036 patre,
1167 1951 1250 2035 apud
1282 1955 1414 2034 patrem.
1446 1957 1486 2013 et

339 2057 522 2122 uidimus
546 2057 719 2140 gloriam
744 2059 843 2133 eius,
868 2065 1070 2140 tamquam
1093 2057 1302 2142 unigeniti
1322 2077 1340 2120 a
1358 2059 1482 2140 patre,
1502 2069 1524 2108 1⁵

339 2165 450 2246 utique
473 2163 542 2240 filii,
567 2164 694 2229 scilicet
720 2165 871 2241 nisibilis,
900 2164 1069 2251 glorificati
1097 2185 1115 2229 u
1141 2168 1229 2248 patre
1255 2161 1422 2228 inuisibili.
1452 2168 1484 2226 ot

340 2269 421 2348 ideo,
460 2271 610 2353 quoniam
648 2291 825 2336 sermonem
863 2272 914 2337 dei
951 2272 1045 2337 deum
1083 2271 1212 2346 dixerat,
1250 2290 1289 2334 uo
1322 2270 1482 2334 adiuuaret

341 2375 595 2443 aduersariomm
618 2378 920 2461 praesumptionem,
950 2379 1040 2460 quasi
1064 2382 1185 2461 patrem
1208 2377 1314 2459 ipsum
1337 2374 1482 2443 uidisset..

341 2483 379 2548 ad
404 2483 664 2568 distinguendum
687 2485 770 2549 inter
787 2485 983 2550 inuisibilem
1007 2489 1128 2567 patrem
1149 2483 1299 2548 etlilium
1325 2481 1481 2546 risibilem

342 2591 517 2675 superdicit
531 2610 568 2655 ox
584 2591 770 2656 abundanti:
790 2592 904 2657 deum
923 2611 1034 2656 nemo
1049 2592 1158 2656 uidit
1176 2608 1371 2672 umquam.
1390 2607 1480 2672 quem
1499 2601 1521 2640 n

343 2698 463 2763 deum?
498 2701 700 2762 sennonem?
735 2699 859 2781 atquin:
897 2699 1076 2763 uidimus
1111 2701 1150 2763 et
1182 2697 1414 2762 audiuimus
1447 2704 1483 2759 et

343 2806 698 2871 contrectauimus
722 2804 767 2869 do
790 2824 973 2870 sermone
997 2807 1108 2870 uitae
1132 2804 1331 2889 praedictum
1351 2807 1407 2868 est
1431 2801 1483 2866 sed

342 2930 437 2993 quem
466 2910 582 2976 deum?
611 2911 736 2976 scilicet
763 2914 893 2995 patrem,
926 2911 1008 2995 apud
1041 2930 1135 2994 quem
1168 2910 1246 2975 deus
1279 2913 1347 2976 erat
1374 2927 1482 2974 sermo.

342 3018 586 3102 unigenitus
610 3018 742 3094 lilius,
767 3019 835 3101 qui
859 3020 989 3083 sinum
1010 3019 1141 3101 patris
1161 3017 1249 3101 ipse
1275 3016 1481 3082 disseruit.

432 3173 659 3244 8]IIoh.1,l.
718 3175 983 3245 121ef.10h.1,1.
1045 3175 1165 3244 1411011.
1188 3177 1210 3237 l,
1233 3176 1275 3228 14.
1331 3173 1482 3244 20]110t.

342 3264 430 3319 ι112.
485 3262 610 3332 2411011.
632 3265 716 3331 1,18.

378 3388 629 3456 lquem..uisum
646 3388 1002 3457 Urs:qui..uiausPMF
1054 3389 1189 3442 risibilem
1209 3387 1359 3458 pleniueF
1400 3386 1482 3439 dniai

342 3478 442 3532 eeclrrsc'
497 3478 530 3531 10
554 3481 596 3530 eat
617 3478 730 3546 scripsi:
753 3482 781 3532 et
798 3478 900 3544 Pom·
922 3478 1060 3546 intellego:
1084 3493 1169 3531 amno
1192 3477 1270 3530 scitae
1291 3479 1317 3530 ie
1338 3491 1422 3530 seram
1439 3479 1482 3536 ert,

343 3568 391 3635 qai
413 3582 480 3620 caro
504 3573 544 3620 eat
559 3568 657 3635 fuctus
713 3569 742 3620 11
769 3568 815 3637 qui
839 3572 902 3620 ante
926 3583 1031 3622 carnem
1055 3583 1140 3620 sermo
1164 3570 1272 3620 tautum
1297 3567 1325 3619 in
1343 3563 1481 3634 primordio

343 3657 426 3724 culpo
500 3655 534 3708 12
556 3671 643 3709 sermo
662 3660 783 3709 tantum:
801 3657 903 3710 scilicet
925 3656 1050 3709 trondem
1073 3672 1158 3708 sermo
1183 3658 1258 3710 uitae
1349 3654 1413 3708 deus
1437 3651 1481 3704 orl·

344 3744 405 3798 didi
444 3745 476 3798 13
486 3743 557 3813 apud
572 3761 722 3798 sermonem
736 3746 847 3798 seclusi:
856 3745 1035 3814 redarguitur
1049 3745 1120 3798 enim
1135 3743 1316 3798 aduersarius
1330 3743 1421 3798 diceas
1431 3759 1482 3796 aar·

345 3851 448 3888 neonem
466 3834 556 3901 sperem
575 3849 630 3886 esse
649 3832 728 3886 mm
741 3841 861 3902 patrem,
879 3840 911 3887 ut
935 3835 1032 3888 docent
1055 3849 1125 3901 quoe
1145 3839 1305 3900 sequuntur.
1378 3833 1440 3901 quia
1456 3845 1482 3882 ex

345 3923 395 3976 deo
407 3923 480 3982 deus,
493 3921 566 3992 apud
576 3921 654 3976 deum
664 3925 776 3991 scn'paa':
787 3923 859 3993 apud
870 3923 958 3992 deum,
969 3923 1032 3992 quia
1043 3940 1074 3977 ex
1085 3922 1135 3976 deo
1146 3921 1211 3975 deus
1221 3921 1313 3974 PMF
1357 3923 1389 3974 17
1399 3937 1432 3973 ne
1441 3919 1484 3983 Β),

345 4016 377 4064 ut
395 4009 524 4064 ΡΙΙΠΓΒ1
579 4012 613 4064 20
631 4011 800 4080 ruperadicit
822 4029 895 4077 orosp.
916 4012 980 4082 Eup
1044 4013 1075 4064 21
1098 4015 1126 4065 et
1148 4011 1375 4064 contrectauimus
1393 4025 1442 4062 om.
1461 4005 1486 4059 F

344 4101 379 4153 22
404 4102 479 4154 uitae
501 4116 553 4152 om.
572 4100 603 4154 F
653 4101 688 4154 23
712 4101 778 4154 deua
797 4104 857 4154 erat
874 4101 970 4158 Pom
994 4101 1074 4154 deum
1093 4104 1150 4154 erat
1172 4098 1226 4154 Urs
1280 4099 1314 4151 24
1335 4097 1484 4166 unigenitus

343 4188 486 4255 <scilicet>
503 4188 556 4242 Urs
627 4189 674 4258 qui
692 4190 778 4242 sinum
794 4191 879 4258 patris
894 4190 959 4243 ΜΓ
970 4191 1015 4258 (cf.
1031 4193 1099 4257 238,
1117 4191 1156 4251 dt:
1173 4188 1219 4258 qui
1234 4189 1277 4241 ent
1289 4188 1316 4239 in
1332 4188 1393 4239 sinu
1406 4184 1485 4254 patris

346 4279 378 4346 P,
399 4277 443 4346 qui
464 4293 522 4330 esse
541 4278 569 4331 in
588 4278 648 4330 sinu
667 4280 753 4348 patris
775 4277 904 4332 Oeblcrus
