3250 4959
407 410 468 465 Vll.
486 411 656 466 Aduersus
675 411 874 468 Marcionem
893 412 939 466 lib.
960 412 1016 466 IIII
1035 414 1078 468 25.
1253 418 1319 481 505

170 610 312 672 creatore
336 606 523 672 abscondita
544 609 626 672 retro
651 607 786 686 fuerant,
809 608 972 691 patefecit,
1001 627 1074 692 ergo
1098 607 1161 673 iam
1185 610 1320 675 creatori

168 714 336 799 negotium
365 714 476 798 gessit,
508 732 559 778 res
588 715 656 779 sius
685 713 872 780 edisserens.
896 714 953 779 sed
981 717 1022 780 ‘in
1046 715 1318 794 destructionem‚‘

168 821 287 904 inquis,
303 820 362 886 ‘uti
375 819 555 886 traduceret
569 829 641 886 aas!
657 839 730 905 ergo
748 821 815 886 illis
829 821 1008 886 traduxisse
1023 821 1185 896 debuerat,
1200 823 1316 905 quibus

169 931 292 992 creator
314 926 524 1004 abscondidit,
549 928 746 1011 sapientibus
771 931 803 992 et
826 929 1043 1011 prudentibus.
1074 928 1101 994 si
1125 928 1209 993 enim
1231 928 1317 993 beni-

131 1055 147 1095 s
170 1034 291 1118 gnitate
318 1035 466 1111 iaciebat,
497 1035 564 1100 illis
592 1039 659 1100 erat
687 1035 828 1119 adgnitic
852 1036 1050 1118 praestanda,
1075 1036 1190 1118 quibus
1214 1036 1319 1100 fuerat

170 1144 295 1224 negata,
318 1160 380 1206 non
403 1141 556 1224 paruulis,
581 1142 697 1225 quibus
721 1142 802 1207 nihil
826 1146 946 1207 creator
967 1142 1135 1207 inuideret.
1160 1146 1191 1207 et
1209 1145 1316 1206 tamen

168 1265 271 1328 usque
303 1247 416 1325 adhuc,
448 1252 539 1330 puto,
571 1249 743 1331 probamus
775 1249 1002 1314 extructionem
1032 1250 1142 1331 potius
1173 1249 1256 1332 legis
1284 1253 1316 1313 et

168 1354 394 1436 prophetarum
418 1355 553 1419 inueniri
576 1355 608 1419 in
628 1353 753 1421 Christo
774 1375 870 1438 quam
890 1356 1149 1421 destructionem.
1201 1354 1316 1420 Omnia

168 1460 232 1524 sibi
259 1459 377 1526 tradita
408 1460 486 1525 dicit
513 1466 652 1545 epatre.
685 1462 806 1543 credas,
840 1463 868 1526 si
896 1463 1047 1528 creatoris
1080 1467 1130 1526 est
1158 1461 1315 1540 Obrimus,

119 1580 148 1620 1⁰
168 1565 262 1632 cuius
286 1567 401 1645 emnia,
425 1572 458 1632 et
476 1568 627 1651 quianon
647 1569 762 1634 minori
781 1589 816 1634 se
834 1569 966 1635 tradidit
984 1570 1090 1635 omnia
1108 1567 1174 1633 filio
1194 1573 1316 1634 creator

168 1691 250 1754 quae
272 1691 327 1755 per
350 1693 423 1738 eum
447 1674 597 1753 condidit,
621 1694 677 1758 per
700 1695 878 1741 sermonem
898 1696 993 1741 suum
1012 1676 1147 1741 scilicet.
1172 1677 1314 1740 ceterum

168 1780 196 1842 si
224 1797 415 1846 oeconomus
441 1781 506 1860 ille,
533 1800 613 1865 quae
642 1785 718 1846 sunt
739 1783 876 1857 ‘omnie’‚
904 1803 984 1867 quae
1012 1783 1061 1848 illi
1086 1786 1215 1866 epatre
1239 1784 1315 1846 sunt

166 1884 306 1949 tradita?
330 1904 410 1969 quae
434 1891 509 1952 sunt
531 1887 702 1952 creatoris?
731 1907 805 1972 ergo
829 1888 912 1954 bona
934 1891 1011 1953 suut
1033 1907 1113 1970 quae
1136 1891 1226 1971 pater
1247 1886 1313 1950 filio

165 1991 307 2069 tradidit,
332 1996 365 2057 et
387 1993 573 2058 bononiam
593 1998 723 2072 creator,
744 1995 835 2059 cuius
854 1995 981 2060 ‘omnia’
997 1994 1080 2058 bona
1098 1996 1183 2068 snut,
1204 1996 1238 2057 et
1259 1993 1313 2056 ille

119 2116 147 2156 1⁵
165 2096 230 2162 iam
256 2118 317 2164 non
345 2099 459 2179 bonus,
478 2100 532 2183 qui
560 2101 591 2166 in
615 2101 715 2165 nliena
742 2101 825 2166 bona
851 2102 979 2179 inuasit,
1008 2104 1045 2164 ut
1070 2100 1135 2164 tilio
1163 2100 1311 2179 traderet,

166 2203 282 2270 docens
316 2206 418 2273 alieno
446 2208 613 2274 abstinere.
647 2211 730 2274 certe
759 2208 1018 2274 mendicissimus
1043 2209 1098 2291 qui
1129 2228 1187 2274 nec
1209 2207 1312 2272 tilium

165 2312 250 2377 unde
278 2313 394 2380 ditaret
419 2313 533 2380 habuit
560 2315 622 2380 nisi
650 2316 688 2380 de
717 2315 827 2381 aliano.
860 2319 918 2382 aut
945 2317 973 2381 si
1001 2316 1080 2381 nihil
1103 2316 1142 2380 de
1162 2315 1312 2381 creatoris

164 2417 319 2483 traditum
343 2421 444 2485 estei
467 2423 606 2504 epatre,
633 2416 687 2509 [et]
713 2422 871 2504 quomodo
895 2423 1057 2488 hominem
1076 2422 1226 2487 creatoris
1250 2422 1312 2484 sibi

166 2525 328 2591 uindicat?
353 2531 409 2592 aut
431 2527 459 2591 si
483 2529 570 2594 solus
589 2529 684 2592 homo
704 2529 734 2593 ei
752 2529 890 2594 traditus
911 2533 970 2605 est,
991 2529 1116 2594 ‘omnia'
1134 2530 1230 2594 homo
1249 2547 1310 2594 non

118 2649 146 2692 ro
167 2635 226 2700 est.
251 2633 409 2716 scriptura
432 2638 537 2698 eutem
561 2635 724 2700 ‘omnium'
748 2634 847 2700 edicit
868 2634 1070 2699 traditionem
1094 2633 1160 2700 filie
1184 2636 1311 2699 tectam.

166 2738 224 2803 sed
242 2744 274 2804 et
292 2740 320 2804 si
339 2739 465 2806 ‘omnia’
484 2740 524 2805 ad
541 2741 706 2806 hominurn
721 2759 845 2825 genera,
860 2742 894 2805 id
908 2744 959 2806 est
972 2741 1010 2806 ad
1031 2761 1140 2806 omues
1158 2742 1312 2819 nationes,

164 2845 432 2930 interpretaberis,
457 2851 489 2912 et
507 2848 565 2913 has
583 2848 650 2913 tilio
669 2847 839 2914 tradidisse
859 2848 1009 2912 creatoris
1033 2851 1096 2912 est:
1121 2849 1213 2912 dabo
1237 2848 1312 2912 tibi

167 2957 299 3038 gentas
323 2953 576 3019 hereditatem
604 2956 706 3018 tuam
735 2957 771 3018 et
798 2953 1083 3037 possessiouem
1110 2956 1213 3018 tuam
1241 2961 1311 3018 ter·

164 3059 285 3125 minos
303 3064 435 3124 terrae.
455 3064 511 3125 aut
530 3061 558 3125 si
578 3061 713 3125 habebat
732 3063 764 3125 et
783 3060 852 3143 ipse
872 3060 978 3141 aliquo
997 3079 1056 3124 sua
1074 3060 1210 3138 ‘omnia’‚
1231 3079 1311 3142 qnae

120 3179 147 3220 ¹⁵
165 3166 231 3231 filio
247 3165 385 3232 traderet
398 3168 597 3250 paritercum
612 3168 739 3231 bomine
754 3167 915 3245 creatoris,
927 3166 1168 3231 ostendeunum
1183 3166 1310 3248 aliquod

166 3292 202 3337 ex
221 3272 390 3338 ‘omnibus‘
407 3274 439 3338 in
459 3273 564 3354 fidem,
578 3274 609 3338 in
626 3274 815 3356 exemplum,
831 3293 869 3338 ue
888 3278 953 3337 tam
972 3273 1085 3336 merito
1105 3291 1166 3336 non
1186 3271 1310 3336 credam

167 3379 235 3446 eius
256 3399 325 3446 esse
344 3381 480 3459 ‘omnia’‚
495 3381 586 3446 cuius
605 3381 685 3445 nihil
702 3380 807 3456 uideo,
824 3399 919 3464 quam
938 3380 1050 3445 merito
1071 3379 1195 3445 credam
1215 3379 1311 3443 etiam

167 3505 246 3569 quae
279 3507 340 3553 non
371 3487 466 3552 uideo
498 3487 566 3553 eius
595 3507 675 3568 esse,
699 3488 790 3552 cuius
815 3492 892 3551 sunt
914 3488 1073 3565 uniuersa,
1098 3504 1177 3568 quae
1205 3483 1309 3552 uideo.

254 3643 282 3715 8]
301 3643 334 3699 cf.
353 3643 418 3700 Luc.
438 3645 481 3711 10,
499 3643 545 3702 22.
598 3646 644 3715 22]
664 3645 708 3699 Ps.
727 3646 752 3713 2,
772 3645 797 3698 8.

201 3769 217 3822 5
237 3767 360 3837 adgnilio
375 3768 417 3836 M,
437 3769 542 3837 agnitio
560 3769 589 3824 R
627 3769 660 3823 10
675 3772 702 3823 et
717 3769 780 3838 quia
793 3767 864 3830 MR,
880 3768 927 3837 qui
945 3767 996 3822 aar
1008 3769 1108 3836 reliqui
1161 3767 1261 3819 minori
1280 3783 1309 3820 se

165 3856 212 3928 12³,
230 3857 362 3912 minorum
382 3859 406 3912 si
424 3857 499 3913 MR¹
591 3860 623 3912 12
647 3873 808 3912 oeconomus
832 3857 930 3926 scripsi
953 3858 999 3925 (ef.
1023 3861 1088 3920 496,
1108 3861 1153 3912 21.
1174 3859 1242 3921 497,
1263 3859 1308 3920 6),·

165 3947 372 4016 eperchomenos
390 3946 474 4015 M1r1,
494 3945 667 4018 ἐπερχόμενος
685 3945 820 4015 Rsuezpo
874 3948 920 3999 ille
939 3947 997 4000 scil.
1019 3946 1147 4000 Christus
1165 3945 1210 3998 dei
1227 3943 1309 3997 Mur·

165 4037 252 4091 cions'e
306 4036 339 4091 17
359 4035 382 4089 si
400 4037 599 4104 interpolatum
612 4042 697 4103 potat
715 4037 787 4104 Erro,
806 4051 924 4090 ressone
936 4019 1017 4103 iasro
1032 4036 1050 4089 t.
1062 4039 1098 4087 18
1113 4040 1141 4088 et
1160 4039 1224 4087 onte
1243 4049 1309 4102 quo·

164 4125 243 4178 modo
258 4125 316 4192 (sed
328 4127 363 4194 cs.
377 4141 464 4194 supro
479 4127 497 4182 l.
511 4129 561 4179 13:
577 4141 644 4193 qnae
665 4131 728 4178 suut
743 4125 902 4191 creatorisl)
954 4125 986 4178 18
1002 4122 1137 4193 quomodo
1154 4123 1268 4191 scripsi:
1283 4127 1311 4175 et

165 4213 298 4282 quomodo
317 4212 388 4276 MR,
408 4213 573 4283 ecquomodo
591 4213 721 4268 Oeblerus
761 4216 796 4268 24
811 4215 909 4277 omnia,
925 4229 993 4281 quae
1006 4212 1120 4280 scripsi:
1136 4227 1205 4281 quae
1221 4212 1311 4264 omnia

163 4303 225 4359 MR
279 4302 399 4357 habebat
412 4305 523 4372 scripsi:
541 4303 625 4357 habet
638 4303 701 4359 MR
738 4305 771 4357 25
791 4302 901 4372 aliquod
918 4301 1098 4357 Cioccom'ue:
1115 4302 1234 4371 aliquem
1247 4300 1310 4354 MR
