3250 4959
310 421 375 484 322
539 416 657 482 Quinti
675 417 818 489 Septimi
836 417 1007 473 Florentia
1026 417 1233 474 Tertulliani

309 613 359 677 illi
381 612 498 696 gradus
521 614 642 678 ratione
665 615 922 692 constabitalio
946 615 1039 682 modo
1065 616 1258 683 destructus.
1278 619 1355 681 tune
1375 617 1456 682 enim

308 718 471 783 rationalis
488 719 659 784 habebitur
678 719 729 784 uel
752 721 892 786 secunda
913 721 945 785 in
971 725 1152 787 extraneum
1176 723 1313 800 bonitas,
1338 723 1366 788 si
1383 723 1456 788 sine

308 824 425 889 iniuria
450 824 521 890 eius
548 832 704 908 operetur,
737 827 829 892 cuius
857 831 908 892 est
933 847 991 893 res.
1026 847 1258 912 quamcumque
1280 829 1456 894 bonitatem

308 931 434 996 iustitia
451 932 553 1014 prima
572 931 671 997 efficit
688 933 886 1001 rationalem.
911 934 996 1000 sicut
1013 934 1044 999 in
1064 934 1228 1018 principali
1247 935 1359 1019 gradu,
1383 953 1455 1000 eum

308 1039 340 1102 ln
362 1057 429 1104 rem
453 1057 543 1103 suam
568 1039 742 1117 exhibetur,
768 1041 930 1105 rationalis
959 1041 1020 1105 erit
1048 1041 1075 1106 si
1105 1041 1268 1118 instabit,
1298 1043 1347 1106 sio
1370 1043 1455 1108 etin
1488 1065 1502 1105 a

309 1149 491 1211 extraneum
508 1145 673 1210 rationalis
690 1146 794 1210 uideri
812 1147 941 1229 poterit,
965 1147 994 1212 si
1012 1165 1074 1211 non
1098 1148 1141 1212 sit
1161 1147 1290 1212 iniusta.
1314 1153 1455 1214 ceterum

309 1251 412 1334 qualis
439 1252 564 1316 bonitas
593 1271 672 1334 quae
700 1271 758 1335 per
780 1251 927 1317 iniuriam
957 1255 1092 1332 constan,
1119 1253 1301 1336 etquidem
1325 1273 1384 1337 pro
1407 1273 1456 1320 er·

253 1363 260 1376 “
308 1358 440 1423 hanso?
479 1358 616 1424 fortasse
648 1359 732 1423 enim
759 1378 817 1442 pro
850 1359 1026 1425 domestico
1059 1359 1259 1443 aliquatenus
1291 1361 1455 1427 rationalis

308 1466 462 1530 habeatur
483 1465 610 1530 bonitas
632 1465 795 1531 iniuriosa.
837 1484 893 1549 pro
919 1470 1064 1533 extraneo
1089 1487 1174 1546 uero,
1203 1468 1255 1532 eui
1277 1489 1335 1534 nec
1359 1470 1456 1551 proba

308 1573 451 1656 legitime
461 1573 638 1651 deberetur,
656 1592 716 1656 qua
726 1574 923 1638 rationetam
937 1575 1056 1640 iniusta
1069 1575 1233 1640 rationalis
1248 1575 1455 1641 defendetur?
1475 1601 1500 1640 ro

308 1678 385 1760 quid
399 1679 482 1743 enim
498 1679 660 1756 iniustius,
680 1679 757 1762 quid
772 1680 915 1768 iniquius
931 1684 963 1744 et
980 1681 1156 1765 improbius
1175 1699 1270 1764 quam
1289 1681 1336 1746 ita
1354 1683 1455 1748 alienu

307 1785 491 1850 benefacere
520 1804 621 1865 seruo,
648 1789 685 1849 ut
714 1787 842 1850 domino
871 1787 1032 1870 eripiatur,
1057 1790 1095 1852 ut
1122 1787 1176 1852 alii
1198 1788 1393 1867 medicetur,
1420 1794 1456 1854 ut

308 1891 462 1956 aduersus
487 1896 583 1974 caput
606 1892 727 1957 domini
747 1893 947 1971 subornetur,
968 1894 1158 1976 etquidem,
1178 1894 1262 1976 quod
1281 1895 1455 1980 indignius,

309 1999 340 2062 in
368 1999 439 2080 ipsa
466 1999 570 2063 adhuc
594 1998 686 2063 domo
710 1999 841 2076 domini,
871 1999 910 2064 de
933 2000 1036 2082 ipsius
1060 2001 1163 2065 adhue
1187 2002 1306 2068 horreis
1330 2003 1455 2068 niueas.

308 2106 368 2170 sub
387 2105 490 2188 ipsius
510 2106 613 2171 adhuc
632 2107 736 2190 plagis
756 2110 919 2171 tremens?
943 2108 1017 2171 telis
1042 2107 1186 2172 adsertor
1208 2109 1303 2172 etiarn
1330 2109 1454 2174 damna·
1473 2133 1499 2172 ra

307 2217 397 2277 retur
412 2213 443 2276 in
464 2215 601 2286 saeculo,
621 2213 738 2277 nedum
756 2214 923 2297 plagiator.
939 2233 1000 2278 non
1019 2215 1169 2280 alitersa
1180 2215 1258 2279 deus
1273 2215 1454 2294 Marcionis,

308 2319 491 2401 inrumpens
519 2320 551 2383 in
575 2320 712 2385 alienum
737 2319 903 2396 mundum,
932 2320 1067 2403 cripiens
1091 2322 1150 2386 deo
1173 2323 1346 2402 bominem,
1375 2325 1456 2406 patri

308 2425 421 2502 lilium,
445 2425 608 2490 educatori
630 2425 816 2502 aluminum,
842 2427 968 2491 domino
991 2426 1157 2505 famulum,
1181 2431 1219 2491 ut
1241 2447 1315 2492 eum
1340 2429 1457 2495 alliciat

309 2532 367 2596 deo
397 2532 541 2615 impium,
569 2533 652 2614 patri
678 2532 910 2616 inreligiosum,
940 2533 1101 2597 educatori
1124 2534 1295 2617 ingratum,
1329 2535 1455 2601 domino

308 2657 456 2720 nequam.
503 2658 555 2704 oro
589 2643 632 2716 te,
665 2639 694 2702 si
725 2639 890 2703 rationalis
922 2639 1047 2703 bonitas
1080 2639 1178 2704 talem
1211 2640 1297 2718 lacit,
1331 2642 1456 2724 qurulern
1474 2667 1500 2706 ao

309 2746 426 2809 faceret
453 2745 670 2809 inrationalis?
694 2765 754 2811 nou
785 2749 896 2828 putem
925 2745 1190 2829 impudentiorem
1219 2767 1312 2830 quam
1343 2749 1457 2831 quiin

310 2853 411 2916 aliena
442 2871 524 2933 aqua
556 2851 611 2915 alii
644 2851 701 2915 deo
737 2853 883 2936 tingitur,
916 2852 955 2916 nd
984 2852 1120 2917 alienum
1155 2854 1279 2918 caelum
1313 2855 1366 2920 alii
1399 2855 1456 2920 deo

309 2958 505 3042 expanditur,
533 2959 565 3021 in
595 2959 696 3022 aliena
723 2961 807 3022 terra
835 2959 889 3021 alii
919 2958 977 3022 deo
1006 2959 1168 3038 sternitur,
1197 2979 1292 3042 super
1319 2962 1455 3026 alienum

308 3085 421 3148 panem
440 3065 497 3130 alii
514 3065 572 3128 deo
592 3065 764 3150 gratiarum
788 3065 966 3130 actionibus
990 3064 1144 3150 fungitur,
1168 3066 1206 3130 de
1230 3066 1341 3133 alienis
1366 3069 1456 3133 bonit

310 3172 349 3237 oh
378 3171 475 3235 alium
505 3170 600 3235 deum
633 3172 759 3235 nomine
793 3171 992 3254 elemosynae
1026 3177 1059 3236 et
1087 3172 1264 3238 dilectionis
1298 3178 1500 3255 operatura

310 3279 381 3360 quis
408 3280 471 3342 iste
500 3277 579 3342 deus
606 3283 672 3342 tam
700 3279 812 3354 bouus,
843 3282 880 3342 ut
907 3279 1001 3342 homo
1027 3279 1064 3342 ab
1089 3279 1145 3343 illo
1170 3279 1272 3343 malus
1297 3279 1363 3357 liat,
1391 3283 1455 3344 tam

310 3385 477 3468 propitius,
516 3389 552 3448 ut
589 3386 686 3448 aliurn
718 3385 768 3449 illi
801 3385 906 3463 deum,
936 3389 968 3448 et
996 3385 1157 3448 dominum
1187 3385 1314 3467 quidem
1343 3387 1456 3470 ipsius

310 3493 408 3557 iaciat
429 3492 568 3555 iratum?

355 3599 406 3661 24.
435 3596 496 3662 Sed
522 3597 599 3661 deus
628 3597 715 3661 siout
742 3603 889 3661 aeternus
918 3601 951 3661 et
978 3597 1154 3675 rationalis,
1188 3597 1243 3676 ita,
1272 3599 1392 3680 opinor.
1426 3603 1457 3662 et

309 3705 468 3786 perfectus
511 3705 542 3767 in
580 3704 741 3768 omnibus:
782 3705 901 3768 eritis
941 3705 1023 3767 enim
1057 3704 1235 3787 perlecti
1274 3705 1498 3787 quemad-ro

399 3863 446 3930 oo]
465 3862 562 3915 nater.
582 3865 606 3919 a.
625 3864 669 3915 re.

345 3969 465 4037 4primo
479 3969 549 4036 sort.
626 3970 697 4022 sicut
715 3970 826 4037 scripsi:
845 3970 884 4022 aio
903 3971 932 4022 et
950 3969 1011 4024 MR
1088 3986 1146 4022 eum
1164 3967 1194 4022 iu
1211 3985 1267 4023 rem
1286 3985 1362 4022 suam
1382 3969 1454 4022 erhi-

309 4058 397 4123 betnr,
407 4058 548 4110 rationalis
558 4059 610 4110 erit
618 4059 733 4125 scripsi:
741 4059 883 4111 rationulis
899 4059 959 4126 erit,
971 4073 1029 4111 cunr
1045 4059 1071 4110 in
1087 4075 1143 4111 rem
1157 4074 1233 4110 suam
1245 4057 1387 4112 exhibetur
1394 4057 1430 4110 M
1432 4058 1455 4111 R

310 4147 326 4198 5
341 4147 385 4198 sit.
400 4146 439 4198 aie
450 4148 534 4214 corripe
586 4148 618 4200 13
630 4148 701 4215 qnod
711 4147 788 4216 Eup:
800 4165 851 4216 qno
861 4145 924 4200 MR
975 4148 1007 4200 16
1019 4147 1150 4200 lacunam
1159 4147 1286 4216 apuam:
1296 4153 1385 4200 autem
1397 4147 1455 4214 agit

308 4235 478 4288 intcrcidiusc
491 4242 562 4303 puio
601 4237 633 4289 18
652 4236 797 4288 aluminum
812 4235 854 4297 M,
875 4239 1010 4288 alumnum
1026 4234 1053 4288 R
1090 4237 1122 4288 21
1141 4251 1192 4288 nou
1213 4243 1304 4304 putem
1321 4235 1401 4302 MR',
1420 4251 1454 4286 an

310 4333 401 4392 putem
416 4323 456 4377 12³
510 4325 544 4378 ‘25
564 4326 727 4377 elemosinae
746 4324 816 4391 ΜΕ,
837 4325 1024 4392 eleemosynae
1043 4323 1069 4378 R
1115 4325 1148 4377 27
1167 4323 1255 4393 ipsius
1273 4321 1342 4387 ΜΕ,
1362 4339 1411 4378 om.
1425 4321 1454 4376 R
