3250 4959
382 411 441 469 Vll.
463 412 627 466 Aduersus
647 413 846 467 Marcionem
867 411 914 466 lib.
936 412 1046 467 14-6.
1222 417 1286 480 297

135 612 287 672 neutrum
312 627 347 673 er
366 607 491 672 duobus
511 607 609 673 altero
630 607 739 684 distat,
764 613 800 670 ut
819 608 912 672 ambo
933 626 1060 672 summe
1078 627 1202 692 magna,
1226 627 1288 690 qua

138 715 188 780 dei
211 715 318 792 ambo,
342 717 491 780 neutrum
523 715 597 796 plus
630 714 728 780 altero
761 717 913 797 praestat,
943 715 1061 778 nullam
1099 714 1163 778 iam
1195 713 1287 778 ratio-

137 840 209 885 nem
233 821 358 884 numeri
382 821 433 884 sui
456 819 639 896 ostendunt,
663 817 888 901 praestantiam
907 839 968 884 nou
993 819 1155 885 habentes.
1179 839 1288 884 nume-

136 947 193 992 rus
226 931 335 992 autem
365 926 543 990 diuinitatis
576 946 702 991 summa
733 927 856 992 ratione
880 930 1033 991 constare
1065 925 1203 1004 deberet,
1235 927 1288 990 uel

103 1033 292 1116 aquoniem
324 1038 357 1098 et
388 1034 513 1096 cultura
545 1033 614 1096 eius
647 1033 678 1097 in
707 1052 823 1117 anceps
857 1032 1074 1098 deduceretur.
1104 1051 1176 1098 ecce
1205 1033 1287 1096 enim

137 1141 220 1205 duos
243 1141 372 1205 intuens
395 1139 471 1204 deos
493 1143 560 1202 tam
584 1159 675 1223 pares
703 1159 798 1223 quam
823 1139 885 1204 duo
909 1158 1036 1204 summa
1059 1158 1182 1222 magna,
1211 1139 1288 1220 quid

136 1248 297 1311 facerem?
334 1247 363 1310 si
399 1246 509 1312 ambos
547 1247 694 1322 colerem,
726 1265 862 1325 uererer,
895 1266 933 1311 ne
966 1244 1159 1310 abundantia
1190 1244 1287 1309 officii

136 1353 326 1435 superstitio
350 1353 457 1436 potius
487 1371 581 1434 quam
604 1353 716 1437 religio
741 1353 985 1431 existimaretur,
1015 1353 1090 1434 quia
1117 1352 1197 1416 duos
1222 1355 1287 1416 tam

137 1479 230 1542 pares
255 1464 288 1523 et
310 1459 340 1523 in
365 1461 464 1525 altero
488 1460 598 1524 ambos
621 1479 751 1543 possem
770 1461 801 1523 in
825 1479 887 1524 uno
912 1459 1074 1533 demereri,
1099 1458 1159 1523 boc
1181 1459 1288 1540 ipsum

89 1593 119 1632 ro
137 1566 325 1632 testimonio
356 1569 521 1650 praestans
553 1567 706 1648 parilitati
739 1571 774 1630 et
803 1565 921 1631 unitati
953 1585 1072 1643 earum,
1107 1566 1181 1629 dum
1211 1565 1287 1628 alte-

137 1692 210 1737 rum
234 1673 267 1737 in
290 1673 389 1739 altero
412 1693 587 1750 uenerarer,
612 1673 688 1738 dum
711 1675 743 1738 in
767 1692 829 1739 uuo
854 1672 1018 1738 mibiduo
1048 1677 1132 1737 sunt.
1157 1670 1186 1735 si
1209 1671 1288 1736 alte-

137 1802 210 1846 rum
235 1781 382 1854 colerem,
406 1800 507 1864 aeque
524 1780 743 1863 recogitarem,
762 1799 800 1844 ne
820 1778 1000 1845 suffundere
1023 1778 1148 1844 uiderer
1166 1778 1288 1842 numeri

138 1887 316 1951 uanitatem
336 1887 403 1951 siue
424 1885 599 1952 differentia
617 1886 819 1968 superuacui,
838 1874 899 1951 hoc
918 1888 979 1951 est:
1003 1886 1106 1950 tutius
1127 1903 1286 1949 censerem

138 1995 290 2057 neutrum
318 1992 484 2058 colendum
517 2011 612 2074 quam
641 1992 775 2056 alterum
804 2011 877 2056 curu
910 1991 1060 2074 scrupulo
1094 1987 1286 2078 [colendum]

94 2125 120 2164 ra
139 2103 198 2164 ant
221 2098 332 2163 ambos
355 2118 443 2164 uene.

185 2208 215 2270 6.
241 2205 293 2271 Sic
312 2205 415 2270 adbuc
436 2205 585 2269 uidemur
607 2206 780 2288 disputare,
809 2205 901 2287 quasi
923 2205 1063 2270 Marcion
1089 2205 1168 2269 duos
1196 2224 1287 2288 pares

139 2314 328 2379 constituat.
356 2332 428 2377 nam
457 2313 532 2377 dum
560 2313 758 2378 defendimus
792 2314 897 2392 deum,
930 2332 1090 2378 summum
1125 2331 1286 2396 magnum,

138 2421 269 2485 unicum
298 2419 383 2484 credi
416 2424 570 2502 oportere,
604 2420 807 2485 excludentes
841 2420 878 2483 ab
913 2438 948 2484 eo
977 2420 1180 2502 parilitatem,
1208 2423 1288 2482 tarn-

139 2527 299 2609 quamde
332 2525 457 2591 duobus
485 2527 614 2610 paribus
643 2525 682 2590 de
711 2526 761 2591 bis
792 2527 1047 2605 retractauimus,
1081 2525 1287 2590 nibilominus

93 2658 120 2696 ιο
138 2641 248 2697 tamen
272 2632 413 2698 docendo
433 2652 523 2715 pares
548 2652 617 2696 esse
641 2651 701 2696 non
724 2651 820 2713 posse
845 2632 1019 2699 secundum
1044 2633 1161 2697 summi
1180 2631 1287 2715 magni

138 2741 275 2804 formam
303 2739 383 2804 satis
411 2739 668 2804 confirmauimus
697 2739 777 2803 duos
810 2759 881 2804 esse
914 2759 974 2803 uon
1008 2759 1114 2823 posse,
1147 2739 1286 2819 alioquin

139 2848 219 2910 certi
246 2845 440 2910 Marcionem
469 2845 610 2927 dispares
640 2845 715 2910 deos
743 2846 946 2924 constituere,
975 2848 1108 2910 alterum
1137 2845 1286 2920 iudicem,

137 2954 253 3030 iarum,
288 2953 536 3034 bellipotentem,
570 2954 703 3016 alterum
737 2955 858 3030 mitem,
892 2954 1051 3035 placidum
1086 2957 1118 3016 et
1149 2954 1287 3016 tantum·

138 3059 235 3124 modo
272 3059 390 3123 bonrum
425 3065 521 3141 atque
553 3061 719 3142 optimum.
756 3060 962 3143 dispiciamus
1002 3077 1100 3141 aeque
1138 3061 1172 3122 at
1207 3059 1287 3122 banc

92 3175 273 3248 reportem,
302 3185 339 3229 an
365 3165 533 3230 diuersitas
564 3167 671 3230 saltim
700 3165 780 3230 duos
805 3165 919 3248 capiat,
950 3167 977 3229 si
1005 3165 1147 3248 parilitas
1177 3183 1287 3247 capere

139 3292 199 3337 nou
218 3273 334 3354 potuit.
352 3292 444 3354 porro
465 3272 567 3337 ethic
587 3272 696 3337 eadem
716 3273 827 3356 regula
851 3273 968 3336 summi
988 3273 1093 3356 magni
1112 3271 1287 3354 patrocina-

138 3379 227 3442 bitur
252 3379 357 3458 nobis,
389 3383 501 3461 utpote
529 3398 608 3460 quae
636 3382 741 3443 totum
774 3383 893 3443 statum
926 3379 1067 3443 uindicet
1099 3377 1286 3441 diuinitatis.

138 3484 331 3549 conueniens
356 3485 437 3548 euim
458 3488 491 3548 et
513 3484 746 3567 quodammodo
763 3486 880 3550 iniecta
902 3505 996 3550 manu
1017 3485 1159 3548 detinens
1179 3482 1286 3547 aduer-

138 3590 214 3655 sarii
242 3609 371 3654 sensum
400 3610 460 3655 uon
489 3592 634 3676 negantis
663 3596 837 3656 creatorem
862 3592 966 3668 deum,
995 3592 1171 3656 iustissime
1198 3609 1286 3672 prac-

93 3696 243 3762 ascribo
266 3696 316 3760 illi
340 3697 518 3762 diuemitati
541 3698 647 3762 locum
668 3719 725 3763 nou
747 3718 818 3762 esse
838 3699 918 3762 inter
938 3717 1003 3773 eos,
1023 3717 1101 3780 quos
1127 3717 1161 3760 ex
1187 3715 1285 3778 aequo

176 3956 188 4008 l
209 3957 265 4010 iam
284 3961 317 4010 ut
328 3957 404 4023 MR,
422 3960 582 4028 transposui
598 3960 661 4021 iam,
676 3960 751 4028 quod
763 3961 814 4014 bor
828 3961 886 4014 ioco
899 3960 973 4028 ferri
986 3959 1088 4028 nequit,
1102 3966 1167 4026 poet
1185 3957 1286 4011 nullam

137 4047 166 4113 (l.
186 4049 217 4111 2)
302 4062 355 4114 qua
372 4046 456 4110 MR',
475 4063 544 4116 quae
562 4047 602 4102 13²
666 4049 762 4118 2plus
784 4050 851 4115 fort.
876 4048 1020 4102 delendam
1085 4047 1244 4113 linearem,
1263 4048 1287 4099 ai

137 4135 233 4189 ambas
252 4135 386 4188 colerem?
410 4137 494 4205 culpo
551 4139 580 4192 ll
606 4140 634 4190 iu
654 4149 710 4190 una
732 4138 767 4190 M
785 4141 864 4204 (corr.
888 4156 921 4190 ra.
946 4142 971 4203 1)
1029 4139 1061 4191 13
1084 4137 1171 4190 tutius
1193 4137 1236 4205 M,
1255 4143 1287 4190 ut

136 4224 227 4278 tutius
249 4223 372 4293 Raalpo
431 4225 465 4277 14
493 4225 635 4279 colendum
662 4228 761 4280 seclusi
825 4229 857 4279 21
883 4227 1003 4296 alioquin
1032 4226 1101 4293 ΜΡ,
1130 4225 1231 4294 alioqui
1259 4226 1286 4278 J:

136 4315 171 4368 28
191 4319 221 4368 et
239 4330 292 4366 cm.
312 4312 342 4365 F
393 4313 427 4366 30
446 4330 513 4382 quoa
531 4330 587 4367 van
605 4315 654 4367 der
676 4315 763 4367 Vliet:
782 4317 827 4384 qui
846 4315 907 4370 ΜΗ
1237 4321 1239 4324 ’
