3250 4959
366 383 428 440 Vll.
447 382 615 438 Aduersus
634 383 835 438 Marcionem
854 383 902 438 lib.
921 369 934 438 l
953 385 1068 440 24-25.
1227 389 1291 458 3271

133 579 362 648 tautummodo
386 579 504 642 bonum
528 578 621 642 deum
646 579 794 661 praefers.
820 599 879 644 non
908 582 999 661 potes
1024 583 1127 642 autem
1152 579 1292 660 perfecte

135 685 261 750 bonum
285 685 450 749 ostendere
475 705 494 748 a
517 704 578 766 quo
603 705 663 749 non
688 686 827 767 perfecte
851 686 1005 749 liberaris.

185 773 240 856 25.
267 791 360 870 Quod
374 792 497 855 adtinet
517 791 555 854 ad
575 793 728 856 bonitatis
752 793 981 874 quaestionem,
1005 792 1054 856 his
1078 793 1171 856 lineis
1196 792 1292 856 dedu·

133 899 245 961 rimus
270 917 339 961 eam
362 899 492 973 minime
517 898 575 960 deo
599 899 784 978 adaequare.
810 903 970 978 utusque
994 898 1165 982 ingenitam
1191 917 1290 978 neque¹

102 1005 329 1068 stationalem
357 1023 460 1086 neque
484 1005 666 1085 perfectam,
690 1005 746 1069 sed
771 1010 802 1068 et
826 1005 1002 1088 improbam
1030 1009 1062 1067 et
1084 1004 1234 1067 iniustam
1259 1007 1291 1066 et

135 1112 210 1192 ipso
229 1110 294 1174 iam
313 1111 467 1175 bonitatis
488 1111 613 1175 nomine
631 1111 803 1195 indignam,
830 1112 914 1193 quod
934 1111 1057 1176 scilicet
1080 1111 1111 1174 in
1136 1113 1289 1191 quantum

136 1217 198 1282 deo
219 1221 385 1301 congruat,
410 1217 440 1280 in
460 1220 585 1280 tantum
605 1217 697 1281 deum
723 1237 783 1282 non
807 1237 878 1282 esse
902 1219 1069 1283 conueniat
1093 1218 1146 1298 qui
1171 1217 1208 1280 de
1232 1215 1290 1278 tuli

135 1325 282 1388 bonitate
306 1323 402 1388 etiam
423 1324 627 1408 praeferatur,
656 1343 714 1388 nec
738 1324 777 1388 de
806 1325 862 1389 tali
892 1324 987 1388 modo
1016 1343 1129 1388 uerum
1154 1329 1185 1386 et
1209 1323 1288 1402 solus

134 1430 203 1493 iam
233 1429 317 1492 enim
347 1433 379 1493 et
407 1430 466 1494 boc
495 1429 612 1494 discuti
640 1449 697 1511 par
724 1437 783 1503 est,
814 1451 851 1494 an
881 1431 959 1495 deus
988 1431 1025 1494 de
1054 1432 1123 1494 sola
1146 1428 1289 1510 bonitate

89 1559 116 1594 ro
136 1535 317 1601 censendus
337 1537 390 1601 sit.
414 1537 538 1621 negetis
563 1538 677 1600 ceteris
701 1537 929 1620 adpendicibus
959 1537 1105 1602 sensibus
1130 1541 1162 1600 ct
1187 1535 1288 1598 adfec-

135 1645 238 1716 tibus,
267 1661 348 1723 quos
371 1642 575 1707 Marcionitae
605 1643 733 1725 quidem
761 1663 780 1707 a
808 1645 866 1708 deo
896 1664 954 1708 suo
984 1644 1116 1726 abigunt
1144 1645 1175 1706 in
1205 1660 1287 1706 orea-

135 1755 253 1815 torem.
277 1767 335 1812 nos
359 1768 435 1813 uero
455 1745 511 1835 [et]
532 1751 735 1832 agnoscimus
755 1751 788 1815 in
808 1755 948 1816 creatore
968 1755 1004 1814 ut
1023 1751 1081 1814 deo
1106 1749 1229 1832 dignos.
1257 1753 1289 1822 et

138 1875 175 1919 er
194 1857 256 1920 hoc
280 1874 404 1937 quoque
428 1855 617 1938 negabimus
640 1856 734 1920 deum
759 1858 790 1920 in
815 1877 877 1940 quo
902 1877 961 1922 non
987 1857 1100 1930 omnia,
1126 1875 1205 1936 quae
1229 1855 1287 1918 deo

138 1963 237 2045 digna
255 1962 329 2038 sint,
354 1965 508 2026 constent.
534 1962 561 2025 si
581 1962 719 2045 aliquem
739 1963 777 2028 de
796 1964 924 2045 Epicuri
944 1964 1052 2028 sobole
1072 1963 1165 2026 deum
1185 1961 1287 2026 adfec-

10 2137 14 2140 .
89 2089 116 2128 rs
136 2068 224 2132 tauit
242 2067 360 2132 Christi
380 2067 505 2132 nomine
524 2069 663 2146 titulare,
687 2074 722 2134 ut
742 2069 826 2150 quod
846 2071 975 2134 beatum
1000 2075 1032 2134 et
1049 2067 1288 2150 incorruptibile

138 2175 185 2238 sit
216 2194 319 2257 neque
353 2175 415 2237 sibi
443 2193 545 2256 neque
574 2175 629 2239 alii
658 2177 823 2241 molestias
852 2182 992 2260 praestet
1018 2215 1060 2222 -
1089 2176 1169 2239 hauc
1203 2175 1287 2238 enim

138 2282 331 2345 seutentiam
358 2281 521 2345 ruminans
549 2282 689 2346 Marcion
718 2284 856 2346 remouit
883 2283 921 2347 ab
949 2283 1005 2346 illo
1036 2282 1222 2346 seueritates
1256 2284 1288 2343 et

135 2387 320 2453 iudiciarias
346 2388 432 2451 uires
457 2410 514 2451 -:
543 2389 655 2452 autin
688 2392 792 2452 totum
822 2389 1004 2454 inmobilem
1039 2393 1072 2453 et
1104 2392 1286 2471 stupentem

135 2495 233 2558 deum
249 2495 433 2576 concepisse
448 2495 599 2560 debuerat
621 2533 664 2540 —
689 2495 815 2576 etquid
835 2496 882 2559 illi
903 2515 974 2560 cum
991 2495 1128 2562 Christo.
1150 2495 1285 2558 molesto

87 2631 117 2668 ἰο
138 2604 171 2662 et
194 2597 320 2665 ludaeis
344 2619 401 2681 per
425 2599 598 2664 doctrinam
629 2607 660 2663 et
688 2601 749 2663 sibi
778 2621 835 2683 per
868 2602 995 2665 lesum?
1025 2639 1066 2648 -
1096 2605 1152 2664 aut
1184 2609 1216 2663 et
1248 2600 1286 2664 de

135 2706 252 2770 ceteris
270 2707 413 2770 motibus
428 2725 500 2768 eum
515 2706 695 2788 agnouisse.
711 2712 801 2771 -et
821 2709 896 2789 quid
915 2709 962 2770 illi
978 2727 1052 2772 oum
1066 2708 1213 2790 Epicuro,
1229 2725 1285 2770 nec

134 2812 197 2874 sibi
226 2830 284 2875 nec
312 2810 501 2876 Christianis
535 2813 733 2877 necessario?
772 2833 845 2877 ecco
879 2816 959 2878 enim
994 2815 1053 2878 hoc
1087 2815 1167 2896 ipso,
1201 2811 1286 2895 quod

134 2923 220 2982 retro
241 2919 380 2999 quietus,
406 2920 460 3000 qui
479 2937 536 2982 nce
554 2920 701 2984 notitiam
726 2919 776 2982 sui
800 2920 906 3002 aliquo
929 2921 1055 2984 interim
1081 2939 1173 3002 opere
1198 2939 1286 2983 oura-

132 3026 229 3101 ucrit‚
258 3032 332 3107 post
358 3028 483 3089 tantum
513 3027 584 3089 aeui
614 3025 749 3089 senserit
777 3026 808 3089 in
833 3027 970 3090 hominis
997 3028 1143 3101 salutem,
1175 3026 1286 3107 utique

86 3163 113 3202 aa
135 3151 194 3215 per
211 3133 423 3207 uoluntatem,
445 3149 548 3196 nonne
567 3132 790 3196 concussibilis
810 3137 886 3196 tunc
905 3133 968 3196 fuit
991 3152 1091 3198 nouae
1115 3133 1285 3210 uoluntati,

132 3243 228 3302 utet
251 3239 365 3302 ceteris
389 3239 530 3302 motibus
558 3237 707 3302 uideatur
736 3239 911 3303 obnoxius?
945 3259 1024 3322 quse
1058 3241 1139 3304 enim
1173 3239 1285 3303 uolun-

131 3349 183 3410 tas
212 3346 280 3410 sine
311 3345 585 3426 concupiscentiae
614 3346 746 3408 stimulo
776 3349 848 3409 est?
886 3344 970 3432 [quis
998 3347 1086 3410 uolet
1114 3346 1199 3427 quod
1222 3364 1283 3408 nou

132 3447 371 3536 concupiscet?]
395 3451 451 3516 scd
476 3455 508 3514 et
531 3469 607 3514 cura
629 3451 760 3515 accedet
783 3453 954 3518 uoluntati.
993 3453 1063 3534 quis
1089 3452 1172 3514 enim
1196 3452 1285 3516 uolet

168 3591 186 3642 2
199 3589 300 3642 bonnm
310 3589 422 3657 MR³G,
432 3589 513 3643 deum
522 3589 562 3643 12¹
606 3593 624 3644 4
639 3591 790 3659 adaequare
805 3591 848 3654 M,
864 3591 1010 3662 adaequari
1026 3593 1052 3646 R
1067 3593 1150 3660 culpo
1200 3591 1283 3643 diam

130 3697 184 3732 om.
194 3678 225 3731 F
259 3678 583 3732 ‘Ideo-tantumoan
618 3681 650 3732 10
661 3681 706 3741 sit,
717 3681 825 3748 negatis
835 3681 919 3751 culpo
958 3683 1136 3736 12'etsccluea'
1177 3681 1282 3748 dignos.

130 3772 161 3820 ct
177 3768 264 3836 culpo
338 3774 509 3836 et-quoquc
529 3769 583 3834 (bic
601 3769 700 3835 irrupit
719 3769 859 3836 apodcsia)
881 3772 915 3839 cs.
938 3775 1000 3838 321,
1021 3775 1040 3824 8
1105 3771 1138 3822 14
1157 3770 1230 3821 scolu
1250 3765 1286 3819 nl

130 3857 168 3911 20
182 3875 231 3927 per
244 3858 300 3909 ihm
314 3856 357 3919 M,
372 3873 421 3924 per
433 3855 523 3909 Iesum
537 3857 565 3910 R
579 3858 716 3926 (irrtellcqc
730 3875 781 3925 per
796 3861 936 3913 carnalem
950 3877 1030 3914 saum
1049 3861 1201 3924 nutrrrum).
1221 3874 1281 3910 scn-

131 3962 190 3999 snm
204 3945 259 3999 Urs
314 3944 995 4038 et[de]ceterismotibuse<umobnoriersort
1041 3947 1283 4015 260nimacrrsspsr':

131 4037 223 4088 autern
233 4033 297 4087 MR
332 4033 366 4085 27
382 4033 441 4101 quis
456 4035 533 4087 uolet
547 4035 620 4103 qnod
634 4052 687 4088 non
706 4037 879 4106 concupiscet
893 4055 944 4092 om.
955 4039 991 4090 M
994 4037 1066 4106 (312³,
1082 4053 1165 4105 quum
1179 4037 1213 4089 ob
1226 4053 1284 4089 rom

129 4123 237 4192 scolam,
256 4123 305 4176 ced
322 4124 413 4176 macic
431 4141 471 4176 on
489 4129 514 4176 et
532 4125 577 4178 bic
596 4125 670 4178 duce
686 4129 857 4181 recensiones
874 4129 932 4181 sint
953 4126 1150 4196 cpnosccnduc:
1174 4129 1197 4192 l)
1213 4141 1283 4194 quac

130 4211 409 4266 noluntas-stimulo
417 4212 478 4265 est?
487 4213 535 4266 sed
545 4219 574 4265 et
584 4231 648 4268 cura
657 4220 768 4268 accedet
778 4217 923 4270 uoluntati.
934 4217 1019 4285 igitur
1028 4233 1096 4270 curn.
1103 4215 1130 4280 2)
1138 4215 1199 4283 quis
1210 4215 1281 4267 eninr

131 4303 206 4356 uolet
224 4299 299 4370 quod
317 4317 371 4353 uon
391 4303 581 4372 concupiscet?
596 4304 656 4371 quis
677 4305 849 4372 concupiscet
869 4309 896 4358 et
916 4323 967 4358 non
983 4305 1106 4358 curabit?
1121 4307 1207 4374 igitur
1222 4319 1281 4355 cum
