3250 4959
282 360 346 420 312
510 353 626 418 Quinti
646 354 787 423 Septimi
806 353 978 408 Florentia
997 353 1199 407 Tertulliani

329 551 378 613 17.
406 550 466 613 His
497 551 671 631 compressi
702 554 872 632 erumpunt
901 548 1016 613 dicere:
1048 549 1180 613 ‘sufficit
1208 549 1337 613 unicum
1364 547 1416 610 boc

283 675 363 739 opus
387 656 445 719 deo
462 660 580 732 nostro,
605 656 690 738 quod
708 657 868 721 hominem
887 658 1036 720 liberauit
1055 675 1181 720 summa
1204 659 1237 720 et
1258 655 1418 738 praecipua

282 763 423 826 bonitate
438 781 495 826 sua
511 766 542 827 et
557 763 704 826 omnibus
719 764 854 827 locustis
869 763 1105 846 anteponenda’.
1126 763 1249 826 odeum
1265 763 1418 826 maiorem.

283 871 373 933 cuins
393 873 458 933 tam
478 889 628 954 magnum
653 889 734 951 opus
758 889 819 934 non
843 872 950 952 potuit
971 870 1108 934 inueniri
1132 889 1225 952 quarn
1250 870 1281 932 in
1301 868 1419 932 homine

283 974 334 1037 dei
363 975 508 1038 minoris!
547 975 707 1039 enimuero
741 976 830 1056 prius
864 981 922 1050 est,
957 983 993 1039 ut
1022 995 1094 1040 enm
1128 976 1241 1058 probes
1270 994 1342 1039 asso
1371 995 1455 1056 pers

283 1100 361 1162 quae
377 1081 470 1145 deum
486 1081 608 1164 probari
625 1088 759 1164 oportet.
774 1103 830 1164 per
845 1103 948 1166 opera,
968 1087 1045 1146 tuuc
1064 1081 1175 1146 deinde
1194 1101 1250 1164 per
1268 1081 1421 1146 beneficia.

282 1189 383 1268 primo
412 1189 495 1252 anim
525 1188 696 1270 quaeritur,
721 1209 759 1253 an
789 1191 841 1268 sit,
873 1194 906 1254 et
928 1190 982 1262 ita,
1012 1189 1114 1271 qualis
1139 1191 1191 1254 sit.
1230 1189 1364 1253 alterum
1387 1188 1420 1251 de

282 1293 443 1376 operibus,
472 1295 608 1358 alterum
637 1295 675 1359 de
700 1296 861 1359 beneficiis
887 1296 1077 1360 dinoscetur.
1111 1301 1248 1359 ceterum
1273 1315 1335 1360 non
1355 1296 1422 1377 quia

281 1402 433 1465 liberasse
453 1402 569 1465 dicitur
587 1403 758 1479 bominem,
783 1402 853 1466 ideo
875 1422 945 1466 esso
970 1422 1042 1466 eum
1066 1404 1201 1479 constat,
1226 1401 1281 1466 sed
1307 1403 1421 1466 siesse

282 1509 471 1586 constiterit,
495 1514 572 1573 tunc
592 1513 624 1573 et
642 1509 794 1573 liberasse
814 1510 945 1586 dicetur,
971 1513 1008 1572 ut
1031 1512 1064 1573 et
1086 1529 1124 1572 an
1148 1509 1332 1572 liberauerit
1356 1527 1421 1574 con·
1440 1529 1458 1567 io

282 1619 354 1694 stet,
382 1617 457 1698 quia
484 1617 623 1698 potuerit
652 1623 683 1679 et
707 1637 777 1680 esse
803 1621 834 1680 et
862 1636 923 1680 ηοη
951 1617 1113 1680 liberasse.
1152 1615 1311 1697 quomodo
1340 1635 1419 1700 ergo,

282 1722 357 1802 quia
382 1722 536 1787 liberasse
560 1723 692 1796 dicetur,
718 1724 814 1786 etiam
845 1743 915 1787 esse
945 1723 1100 1798 credetur,
1130 1743 1202 1786 oum
1227 1724 1367 1804 potuerit
1392 1732 1420 1784 et

282 1848 351 1892 esse
376 1834 408 1892 et
430 1849 491 1892 uon
514 1830 687 1893 liberasse?

326 1935 427 2012 Nunc,
455 1936 487 1998 in
516 1936 578 1999 isto
607 1936 740 2000 articulo
770 1937 808 2001 ab
832 1937 933 2020 ignoti
958 1935 1007 1999 dei
1033 1936 1217 2018 quaestione
1238 1935 1373 1999 deducto
1396 1935 1420 1998 si

282 2042 360 2106 satis
398 2043 545 2106 constitit
580 2047 645 2104 tarn
684 2043 761 2107 nihil
795 2044 888 2106 illum
927 2042 1106 2107 condidisse
1145 2062 1237 2125 quam
1278 2043 1460 2106 debuisses

283 2147 471 2214 condidisse.
504 2151 552 2213 uti
586 2154 830 2233 cognosceretur
862 2170 897 2213 en
932 2149 1091 2233 operibus,
1125 2150 1198 2231 qnia
1236 2149 1264 2212 si
1302 2149 1422 2224 luisset,

283 2255 431 2337 cognosci
465 2254 639 2332 debuisset,
673 2260 704 2319 et
732 2256 843 2337 ntique
872 2276 889 2319 a
917 2256 1088 2338 primordio
1117 2275 1232 2332 rerum,
1261 2293 1304 2300 —-
1333 2255 1422 2318 deum

281 2362 365 2424 enirn
385 2380 446 2426 non
466 2362 628 2425 decuisset
645 2363 778 2426 latuisse
802 2399 845 2408 -
870 2364 1028 2446 regrediar
1051 2383 1179 2427 necesse
1199 2367 1249 2426 est
1272 2363 1311 2426 ad
1336 2361 1424 2445 origi-

281 2487 352 2531 nem
383 2468 576 2549 quaestionis
606 2468 655 2533 dei
679 2469 790 2553 ignoti.
820 2473 857 2532 ut
884 2475 1006 2533 ceteros
1036 2488 1162 2551 quoque
1189 2470 1331 2532 ramulos
1359 2469 1423 2533 eius

282 2576 449 2638 excutiam.
482 2575 584 2657 primo
613 2576 696 2639 enim
725 2578 832 2658 quaeri
866 2577 1033 2658 oportebit,
1062 2577 1116 2659 qui
1148 2583 1258 2658 postea
1291 2595 1326 2640 se
1358 2595 1461 2657 pro-a

281 2683 392 2746 tulerit
429 2681 460 2745 in
497 2683 643 2745 notitiam
677 2701 733 2745 cur
774 2687 886 2764 postea
918 2688 948 2746 et
982 2703 1041 2746 non
1070 2704 1088 2746 a
1115 2682 1285 2765 primordio
1323 2701 1423 2746 rerum

282 2789 397 2869 quibus
426 2788 537 2869 ntique
566 2789 772 2868 necessarius,
806 2807 868 2870 qua
897 2789 985 2864 dens,
1019 2795 1050 2852 et
1077 2788 1205 2869 qrridem
1233 2788 1425 2852 necessarior

283 2915 344 2976 quo
364 2895 477 2958 melior
495 2896 591 2957 latere
611 2915 671 2958 non
692 2895 811 2960 debuit.
837 2915 898 2958 non
923 2896 1003 2958 enim
1029 2898 1136 2978 potest
1155 2895 1218 2958 dici
1242 2913 1302 2958 non
1327 2895 1423 2958 fuisse

281 3003 337 3064 aut
363 3001 526 3065 materiam
557 3008 612 3064 aut
640 3020 767 3065 causam
797 3003 1008 3084 cognoscendi
1037 3002 1140 3076 decim,
1174 3020 1245 3065 cum
1276 3007 1309 3064 et
1331 3002 1422 3065 homo

280 3107 491 3188 aprimordio
521 3114 607 3170 esset
634 3109 664 3170 in
694 3110 831 3182 saeculo,
866 3111 917 3172 oui
946 3129 1027 3172 nurrc
1056 3109 1215 3184 subuenit,
1245 3119 1277 3172 et
1305 3107 1422 3171 inolitis
1439 3127 1461 3168 rs

279 3215 439 3284 creatoris,
460 3215 613 3278 aduersus
629 3235 723 3296 qnam
738 3220 776 3279 ut
789 3217 891 3278 bonus
908 3215 1066 3279 subuenit.
1085 3216 1184 3296 igitur
1198 3229 1253 3278 arro
1267 3214 1422 3296 ignorauit

279 3326 450 3384 etecusam
462 3325 495 3384 et
505 3322 669 3384 materiam
682 3342 757 3385 suae
773 3323 975 3386 reuelationis
995 3323 1187 3385 necessariae
1197 3327 1252 3386 aut
1266 3321 1421 3385 dubitauit

318 3618 330 3668 l
359 3617 409 3670 hoc
437 3634 487 3670 orn.
520 3618 650 3671 Oclrlerns
676 3619 820 3684 (ynerzdose)
891 3619 906 3672 5
932 3635 990 3670 enm
1015 3619 1110 3686 probes
1134 3617 1175 3672 M.
1201 3617 1296 3688 probet
1320 3633 1378 3668 eum
1398 3613 1422 3665 ll

279 3705 295 3758 8
320 3705 475 3759 dinoscetur
497 3707 539 3774 M,
564 3706 607 3758 dei
631 3706 781 3760 dinoscitur
803 3707 830 3760 R
892 3709 924 3758 14
948 3724 1019 3760 uerno
1043 3710 1068 3758 in
1092 3708 1175 3774 rrnlrffl
1261 3704 1378 3758 deducto
1401 3703 1422 3754 si

279 3796 391 3862 scripsi:
414 3795 545 3848 deductus
569 3795 640 3860 ΜΟ,
665 3795 782 3848 deducta
804 3796 840 3858 R,
861 3795 976 3848 deducto
1003 3797 1054 3849 (iel
1123 3797 1154 3846 17
1178 3795 1357 3862 parenthesin
1380 3793 1421 3844 in·

280 3886 376 3937 ‹licnni
450 3887 482 3938 18
505 3886 640 3937 decuisset
664 3886 736 3937 Iun:
762 3884 884 3937 docuisse
903 3885 964 3936 llll
1041 3886 1161 3936 latriisse.
1185 3883 1323 3950 regrediar
1340 3883 1422 3950 aalys

281 3976 314 4026 ¹22
335 3974 401 4026 deus
421 3980 448 4027 et
467 3976 550 4041 rorelpo
641 3976 806 4026 necessarior
826 3991 877 4042 quir
898 3976 991 4026 nmlior
1009 3992 1063 4026 con
1084 3974 1131 4026 der
1155 3973 1239 4026 Vliet:
1258 3973 1354 4025 melior
1372 3987 1422 4040 quo

279 4063 445 4116 necessarior
468 4064 536 4116 MR.
562 4081 614 4130 quo
638 4064 734 4114 melior
756 4065 921 4114 necessarior
945 4063 1008 4128 Ir'np
1066 4066 1099 4114 '33
1125 4063 1268 4114 rrlrnndnrc
1290 4061 1359 4112 anilii
1380 4061 1421 4112 ari·

280 4151 381 4204 deretur
402 4153 486 4203 ricrlrn
505 4152 591 4204 latere
615 4169 668 4203 non
692 4151 795 4215 debuit,
815 4169 874 4203 cnm
895 4152 932 4204 nd
954 4155 1121 4204 necessarius
1139 4158 1226 4205 inerim
1243 4148 1422 4217 supplendum

280 4243 392 4292 silenat
