3250 4959
354 376 416 431 v11.
434 375 603 432 Aduersus
621 375 819 431 Marcionem
837 375 885 432 lib.
905 377 919 432 1
937 377 1052 433 23-24.
1219 383 1283 448 323

130 571 294 636 modum
322 574 611 654 paternoster,
645 571 713 656 qui
741 571 779 636 in
808 571 940 638 caelis
970 576 1041 639 est.
1078 575 1188 640 exhibe
1215 595 1284 658 per·

131 679 253 744 fectum
272 697 399 762 quoque
416 677 588 742 bonitatem
608 677 689 755 eius,
709 679 770 742 etsi
791 678 830 742 de
849 677 1032 762 imperfecta
1051 681 1130 744 satis
1150 685 1285 762 constet,

132 804 219 867 quae
241 803 344 867 neque
368 783 523 850 naturalis
545 784 708 849 inuenitur
731 804 834 868 neque
857 785 1030 852 rationalis.
1060 807 1143 852 nune
1167 789 1285 856 etalio

133 891 246 957 ordine
263 891 461 956 traducetur:
480 910 539 956 neo
556 891 619 956 iem
638 892 834 973 imperfecta,
854 893 952 957 immo
972 897 1004 958 et
1021 892 1153 972 defectu,
1174 895 1287 980 exigua

100 1001 170 1075 {et
191 999 356 1072 exhausta,
381 1018 472 1082 quae,
495 999 599 1063 minor
621 1017 751 1064 numero
774 1000 980 1064 materiarum
1005 1019 1145 1078 suarum,
1170 1021 1229 1068 uon
1253 1003 1285 1068 in

135 1105 287 1170 omnibus
307 1105 480 1170 exhibetur.
505 1105 667 1170 nonenim
690 1124 800 1171 omnes
820 1107 903 1170 saliri
925 1106 1016 1182 fiunt,
1041 1108 1098 1172 sed
1120 1109 1286 1190 pauciores

136 1211 287 1276 omnibus
319 1215 353 1275 et
382 1211 510 1277 Iudaeis
544 1214 577 1276 et
605 1211 796 1277 Christianis
830 1213 987 1278 creatoris.
1030 1213 1176 1296 pluribus
1210 1233 1285 1280 uero

136 1319 348 1401 pereuntibus
376 1318 535 1400 quomodo
562 1317 704 1399 perfecte
732 1317 912 1382 defenditur
943 1318 1068 1384 bonitas
1100 1340 1136 1385 ex
1169 1319 1286 1402 maiore

135 1429 227 1508 parte
242 1425 405 1498 cessatrix,
424 1425 535 1507 paucis
555 1425 671 1507 eliqua,
691 1425 838 1507 pluribus
857 1423 954 1499 nulla,
975 1425 1089 1490 cedens
1108 1427 1286 1510 perditioni,

90 1549 118 1588 ιο
136 1531 291 1617 partiaria
316 1531 426 1596 exitii?
462 1531 576 1614 quodsi
599 1532 708 1613 plnres
733 1531 816 1595 salui
841 1549 900 1594 non
926 1534 1027 1610 erunt,
1057 1532 1202 1598 critiam
1226 1555 1286 1601 non

136 1639 277 1714 bonitas,
304 1637 361 1702 sed
389 1637 512 1702 malitia
534 1636 711 1720 perfectiur.
751 1638 944 1702 sicutenim
969 1638 1121 1704 bonitatis
1147 1643 1287 1723 operatio

137 1747 200 1823 est,
226 1763 307 1826 quae
325 1743 403 1808 facit
421 1745 541 1820 saluos,
564 1744 610 1807 ita
632 1744 855 1827 malignitatis.
880 1763 961 1826 quae
984 1764 1044 1809 non
1069 1745 1145 1810 facit
1169 1746 1286 1816 saluos.

137 1851 374 1936 magistatem
397 1870 457 1915 non
481 1849 599 1915 faciens
624 1851 742 1926 saluos,
768 1849 844 1913 dum
868 1869 986 1932 paucos
1010 1850 1097 1928 facit,
1121 1852 1289 1934 perfectior

138 1961 202 2024 erit
217 1958 251 2022 in
270 1977 331 2022 non
354 1958 493 2024 iuuando
516 1977 612 2040 quam
631 1957 695 2040 (in)
713 1956 810 2021 innan
824 1959 862 2025 to.
884 1975 944 2021 non
965 1957 1083 2039 poteris
1104 1961 1136 2022 et
1154 1959 1185 2022 in
1206 1977 1288 2024 orea-

92 2081 119 2121 ιε
139 2069 243 2130 torem
275 2064 391 2129 referre
422 2065 574 2130 bonitatis
606 2064 638 2127 in
672 2083 780 2128 omnes
815 2063 1035 2128 defectionem.
1077 2084 1170 2146 quem
1204 2067 1287 2132 enim

139 2170 281 2236 indicem
317 2176 417 2248 tenes,
460 2170 722 2253 dispensatorem,
760 2171 788 2234 si
826 2170 919 2248 forte,
956 2170 1109 2234 bonitatis
1147 2171 1288 2235 ostendis

139 2277 401 2362 intellegendum,
424 2297 486 2342 non
506 2277 713 2360 profusorem,
738 2278 822 2360 quod
845 2281 901 2341 tuo
926 2276 984 2341 deo
1009 2277 1163 2342 uindices.
1187 2297 1289 2361 usqne

141 2385 220 2450 adeo
247 2385 307 2450 hac
335 2386 404 2450 sola
426 2405 498 2449 eum
522 2385 660 2467 praefers
684 2385 826 2449 bonitate
851 2383 992 2448 creatori.
1018 2403 1112 2466 quam
1136 2385 1163 2448 si
1187 2386 1289 2449 solam

141 2491 309 2575 profitetur
337 2496 508 2568 ettotam,
537 2492 616 2556 nulli
645 2492 756 2556 deesse
784 2491 945 2556 debuerat.
984 2492 1040 2556 sed
1068 2490 1139 2558 nelo
1162 2491 1226 2554 iam
1251 2491 1289 2556 de

95 2619 123 2658 oo
141 2601 232 2682 parte
260 2599 377 2664 maiore
405 2599 604 2681 pereuntium
631 2599 835 2680 imperfectae
862 2597 1015 2663 bonitatis
1039 2615 1169 2680 arguere
1193 2597 1288 2662 deum

142 2706 329 2771 Marcionis:
349 2705 470 2770 sufficit
486 2707 585 2788 ipsos,
610 2723 690 2787 quos
714 2705 822 2770 saluos
842 2704 928 2780 fecit,
952 2703 1155 2785 imperfectae
1175 2705 1289 2769 salutis

141 2813 292 2877 inuentos
314 2812 532 2896 imperfectam
556 2813 730 2876 bonitatem
754 2813 823 2875 eius
847 2810 1023 2886 ostendere,
1044 2811 1168 2874 scilieet
1188 2810 1292 2874 anima

142 2924 237 2985 tenus
261 2920 380 2996 saluos,
404 2939 495 2984 carne
518 2919 710 3002 deperditos,
730 2937 810 2999 quse
835 2917 918 2998 apud
943 2916 1034 2980 illum
1059 2935 1119 2980 non
1143 2917 1289 2998 resurgit.

142 3025 228 3090 unde
246 3025 323 3090 haec
341 3025 517 3090 dimidiatio
536 3026 651 3089 salutis
669 3024 732 3088 nisi
755 3043 792 3086 ex
815 3022 991 3087 defectione
1014 3021 1190 3086 bonitatis?
1214 3022 1290 3103 qnid

97 3137 214 3198 meret
248 3133 405 3216 perfectae
442 3133 594 3196 bonitatis
627 3151 722 3215 quem
754 3134 860 3194 totum
893 3129 1051 3194 hominem
1085 3129 1226 3212 redigere
1259 3129 1289 3192 in

144 3241 294 3316 salutem,
326 3241 430 3303 totum
463 3239 648 3304 damnatum
677 3258 696 3302 a
723 3240 870 3314 creatore,
903 3238 1007 3299 totum
1036 3255 1054 3298 a
1082 3235 1140 3298 deo
1169 3236 1290 3316 optimo

144 3347 327 3410 adlectum?
353 3345 437 3427 qnod
459 3347 569 3420 seiam,
594 3349 627 3410 et
650 3365 721 3410 earo
749 3345 884 3427 tingitur
912 3342 997 3426 apud
1025 3342 1128 3418 illum,
1157 3347 1189 3405 ot
1217 3360 1289 3405 earo

145 3453 185 3517 de
207 3453 328 3536 nuptiis
352 3454 486 3529 tollitur,
512 3456 545 3517 et
567 3472 638 3517 caro
661 3453 692 3516 in
718 3451 915 3516 confessione
941 3449 1076 3513 nominis
1100 3448 1290 3512 desaeuitur.

145 3561 203 3625 sed
226 3564 258 3624 et
281 3561 309 3626 si
332 3560 417 3625 carni
441 3560 558 3624 delicta
580 3563 776 3642 reputantur,
799 3555 961 3640 praeeedit
984 3556 1105 3618 enimse
1128 3559 1234 3617 reatus
1260 3558 1292 3617 et

181 3752 199 3805 2
218 3752 286 3804 eins.
306 3752 357 3805 etsi
371 3752 456 3820 culpo
505 3751 522 3804 3
536 3750 686 3813 rationalis,
700 3767 772 3803 nuno
785 3750 869 3817 culpo
920 3751 936 3800 5
952 3764 1019 3816 qnae
1034 3748 1065 3799 in
1080 3747 1141 3802 libr.
1155 3761 1217 3798 oeus.
1229 3751 1293 3812 post

145 3857 253 3896 suarum
269 3841 404 3894 traditum
417 3841 471 3894 huo
484 3840 646 3908 traompoeue'
683 3841 737 3892 fet
751 3838 854 3906 (prius)
869 3835 960 3890 onnF
995 3837 1028 3889 14
1042 3835 1069 3887 in
1086 3833 1186 3886 addidi
1239 3849 1292 3886 non

145 3932 248 4001 poteris
263 3932 397 3998 <autem>
414 3935 443 3983 et
453 3931 525 3998 sort.
581 3929 761 3982 retornetis
779 3927 892 3995 scripsi:
910 3926 1061 3979 bonitatem
1077 3924 1137 3977 MR
1156 3921 1294 3990 (potueris

145 4027 173 4076 cf
188 4019 513 4074 roecribererbonitstem
528 4020 554 4072 in
575 4034 668 4071 omnes
688 4017 883 4080 defeetinam)
950 4015 981 4067 17
1001 4019 1048 4066 tuo
1068 4011 1118 4065 deo
1133 4011 1175 4074 M,
1195 4017 1242 4064 tuo
1255 4009 1293 4076 R,

146 4109 199 4165 deo
217 4115 265 4163 tuo
279 4109 353 4163 Pom
415 4107 583 4177 usqueadeo
602 4108 716 4160 rectione
732 4105 962 4171 roriorczpuin
980 4104 1062 4156 etiam
1118 4101 1150 4154 18
1170 4099 1293 4164 creatori,

148 4217 228 4268 qnam
255 4199 341 4267 uolpo
411 4198 447 4251 20
471 4195 645 4265 imperfectae
677 4193 807 4247 Oehferus
835 4193 877 4253 (in
904 4192 998 4256 antid:
1027 4188 1207 4254 inperfectum
1232 4187 1294 4242 MR

147 4287 183 4342 24
201 4289 268 4356 quid
284 4291 347 4340 erat
363 4285 435 4350 MR,
454 4283 521 4354 quid
539 4287 609 4338 enim
629 4288 686 4336 tam
705 4283 763 4335 Lat
817 4283 849 4333 27
871 4281 953 4333 seiam
972 4279 1040 4346 Rip:
1060 4279 1083 4332 si
1102 4279 1155 4330 iam
1174 4275 1236 4329 MR

1206 4379 1257 4434 21*
