3250 4959
320 419 382 482 140
545 414 661 481 Quinti
682 415 823 485 Septimi
841 414 1010 469 Florentio
1029 415 1234 470 Tertulliani

317 611 373 676 sed
397 611 566 676 aeternitas
592 610 695 675 amitti
718 629 778 674 uon
802 613 920 693 potest,
945 610 1018 692 quie
1047 587 1108 673 nisi
1136 609 1241 673 amitti
1264 628 1325 674 uon
1348 611 1464 693 possit,

317 718 486 783 aeternitas
510 736 572 782 non
597 720 655 781 est.
685 735 759 800 ergo
788 735 846 781 nec
875 715 1122 780 demutationem
1150 717 1256 798 potuit
1282 716 1463 792 admisisse,

317 825 437 907 quiesi
456 820 704 901 aeternites'est,
721 822 878 886 demutari
898 821 984 886 nullo
1004 821 1098 886 modo
1118 825 1239 903 potest;
1263 822 1302 886 13
1318 824 1351 886 et
1369 841 1466 905 quae-

316 934 411 1008 retur,
432 930 554 1012 quando
575 949 611 994 ex
631 949 668 994 ea
686 929 768 994 boue
787 929 871 994 iacta
890 928 964 1005 sint,
985 947 1065 1010 quae
1085 947 1121 991 ex
1139 928 1356 994 demutatione
1375 929 1464 993 nullo

316 1037 409 1108 modo
433 1037 516 1101 fecta
540 1039 625 1114 sunt,
649 1034 733 1100 unde
756 1036 787 1098 in
811 1035 896 1098 mala
915 1054 950 1099 ac
968 1035 1110 1117 pessima
1133 1034 1206 1099 boni
1230 1038 1325 1117 atque
1349 1035 1464 1116 optimi
1496 1059 1509 1095 ε

316 1161 432 1207 semen.
466 1146 551 1208 certe
582 1161 640 1207 nec
673 1142 755 1206 bone
788 1142 880 1206 arbor
906 1142 1030 1206 fructus
1062 1142 1164 1206 mulos
1193 1141 1269 1219 edit,
1298 1143 1372 1224 quie
1403 1159 1462 1206 nec

317 1248 394 1314 deus
427 1249 488 1314 uisi
516 1249 628 1325 bonus,
666 1267 724 1313 nec
753 1249 838 1312 mala
870 1248 961 1312 arbor
992 1248 1102 1325 bonos,
1135 1249 1211 1330 quio
1240 1267 1298 1313 nee
1329 1248 1464 1313 materie

316 1359 366 1419 ost
386 1356 480 1440 (nisi)
502 1357 653 1441 pessima.
679 1359 735 1419 out
759 1356 785 1419 si
806 1353 951 1419 dabimus
975 1355 1024 1419 illi
1043 1354 1163 1438 aliquid
1182 1355 1277 1420 etiam
1299 1355 1371 1419 boni
1395 1374 1463 1439 ger·

315 1462 421 1539 minis,
444 1463 507 1526 iem
533 1481 594 1526 non
620 1461 679 1526 erit
702 1461 869 1525 uniformis
894 1464 1033 1536 naturae,
1058 1460 1090 1525 id
1109 1466 1158 1525 est
1177 1459 1278 1524 malae
1300 1461 1331 1524 in
1357 1464 1460 1525 totum
1593 1524 1594 1559 ,

316 1570 347 1632 et
378 1570 512 1646 tantum,
546 1567 603 1632 sed
635 1567 760 1650 duplex,
793 1565 827 1629 id
860 1568 910 1630 est
942 1566 1044 1630 melae
1072 1572 1104 1630 et
1132 1567 1232 1632 bonae
1259 1570 1401 1640 naturae,
1428 1569 1461 1630 et
1481 1592 1507 1629 ιο
1593 1608 1594 1699 p

316 1678 484 1757 quaeretur
502 1675 631 1752 iterum,
656 1694 693 1739 an
718 1675 750 1738 in
773 1673 915 1757 (eadem)
934 1675 1016 1738 bono
1037 1676 1069 1738 et
1087 1675 1171 1740 malo
1190 1675 1330 1758 putruerit
1349 1693 1460 1739 conue—
1593 1752 1594 1761 ἶ

315 1782 390 1858 niro,
413 1781 479 1846 luci
503 1787 536 1846 et
558 1781 707 1861 tenebris,
731 1780 818 1845 dulci
842 1784 874 1844 et
892 1798 1009 1844 amero.
1034 1782 1090 1844 aut
1113 1779 1141 1844 si
1164 1778 1270 1863 potuit
1293 1781 1459 1862 utriusque

315 1888 494 1962 diuersitas,
523 1888 597 1953 boni
625 1893 657 1952 ot
684 1887 770 1965 mali,
803 1887 1001 1952 concurrisse
1031 1890 1064 1951 et
1087 1887 1201 1971 duplex
1225 1891 1336 1951 nature
1362 1888 1459 1951 fuisse
1593 1894 1594 1899 ’

315 1995 473 2074 materiae,
504 1995 667 2060 amborum
696 1995 780 2058 ferax
808 1993 982 2069 fructuum,
1014 1993 1076 2058 ium
1105 2013 1162 2058 nec
1196 1994 1276 2059 bona
1304 1996 1375 2076 ipsa
1402 1993 1458 2058 deo
1593 2012 1594 2095 p

315 2099 560 2182 deputabuntur,
580 2107 617 2166 ut
635 2121 691 2167 neo
711 2103 795 2166 mala
812 2101 861 2165 illi
879 2101 1088 2182 imputentur,
1108 2101 1165 2165 sed
1182 2105 1317 2182 utraque
1337 2101 1458 2185 species
1476 2113 1503 2153 ¹⁵

315 2205 352 2271 de
376 2209 526 2272 materiae
555 2209 746 2291 proprietate
776 2212 906 2292 sumpta
933 2208 971 2270 ud
1000 2209 1164 2271 materiam
1189 2206 1369 2289 pertinebit.
1397 2208 1457 2289 quo

314 2317 406 2395 pacto
442 2334 543 2396 neque
572 2315 706 2397 gratiam
734 2316 889 2379 bonorum
918 2314 975 2378 deo
1003 2314 1189 2379 debebimus
1221 2333 1279 2378 nec
1306 2313 1457 2378 inuidiam

314 2420 480 2498 malorum,
505 2421 577 2504 quia
597 2421 677 2486 nibil
696 2421 734 2486 de
755 2441 813 2486 suo
833 2426 982 2503 operatus
1007 2421 1141 2504 ingenio.
1166 2439 1219 2503 per
1243 2421 1327 2502 quod
1350 2419 1457 2503 proba·

313 2525 399 2590 bitur
420 2527 588 2592 manifeste
610 2528 760 2591 materiae
784 2525 973 2592 deseruisse.

361 2635 410 2698 14.
443 2634 525 2699 Nam
558 2640 590 2699 et
618 2636 644 2699 si
674 2635 806 2712 dicetur,
835 2634 912 2697 licet
940 2653 975 2697 ex
1009 2632 1174 2699 occasione
1208 2633 1368 2710 materiae,
1401 2650 1456 2696 suo
1475 2647 1500 2685 20

311 2743 418 2804 tamen
443 2741 571 2805 arbitrio
595 2742 675 2806 bona
698 2740 882 2822 protulisse,
906 2740 998 2823 quasi
1021 2744 1132 2804 nactus
1156 2740 1274 2805 bonum
1297 2739 1455 2811 materiae,

313 2865 504 2929 quamquam
529 2850 560 2909 et
584 2845 642 2911 boc
667 2848 757 2928 turpe
781 2845 835 2922 sit,
859 2850 943 2911 certo
967 2866 1039 2911 cum
1063 2867 1100 2910 ex
1123 2847 1233 2910 eedem
1256 2847 1353 2910 etiam
1375 2844 1457 2908 male

311 2953 441 3035 profert,
465 2954 517 3016 nel
541 2953 618 3017 haec
643 2953 754 3034 utique
779 2971 839 3016 nou
864 2952 902 3016 de
921 2971 980 3018 suo
999 2953 1127 3017 arbitrio
1150 2951 1335 3036 proferendo
1359 2951 1456 3016 seruit

312 3058 473 3136 materiae,
506 3057 592 3122 aliud
624 3078 684 3123 non
720 3057 837 3123 habens
871 3059 972 3123 facere
1005 3078 1100 3141 quam
1130 3079 1166 3122 ex
1198 3059 1281 3123 malo
1309 3057 1455 3140 proferre.

311 3165 431 3230 inuitus
451 3166 572 3248 utique.
593 3185 655 3249 qua
674 3167 786 3242 bonus,
805 3166 869 3247 (et)
888 3186 924 3230 ex
943 3166 1143 3242 necessitate,
1162 3169 1199 3230 ut
1217 3165 1350 3241 inuitus,
1370 3169 1404 3228 et
1420 3183 1455 3227 ex
1473 3187 1499 3226 ss
1593 3194 1594 3239 3

312 3273 478 3349 seruitute,
503 3276 539 3337 ut
563 3292 598 3336 ex
621 3272 821 3338 necessitate.
846 3272 922 3356 quid
945 3291 1020 3356 ergo
1045 3271 1183 3356 dignius,
1207 3292 1243 3337 ex
1266 3273 1455 3338 necessitate

312 3397 383 3442 eum
413 3376 591 3443 condidisse
623 3379 705 3442 mela
733 3399 768 3442 en
795 3399 830 3443 er
857 3378 1046 3443 uoluntate?
1074 3379 1232 3462 siquidem
1261 3398 1296 3443 ex
1320 3381 1456 3444 necessi·

402 3603 446 3672 12]
467 3602 501 3657 er.
521 3604 565 3657 us.
585 3607 610 3664 o.
629 3605 672 3658 ao.

347 3779 362 3832 3
381 3780 454 3832 maie
471 3777 522 3833 boc
541 3780 599 3834 ioco
619 3778 828 3848 distinguuntur
847 3780 942 3848 cupita
1015 3784 1159 3849 quaeretur
1182 3780 1215 3847 P,
1240 3781 1379 3850 quaeritur
1399 3779 1460 3835 NF

310 3866 458 3936 cquando
482 3869 590 3936 scripsi:
616 3867 750 3937 quomodo
768 3867 857 3922 PNF
907 3869 1000 3922 8uisi
1024 3868 1089 3923 add.
1108 3869 1144 3934 Ii,
1167 3885 1219 3923 om.
1237 3869 1323 3924 PNF
1376 3868 1410 3924 10
1428 3872 1457 3923 et

310 3959 415 4008 tuntum
437 3959 482 4020 (=
501 3955 709 4026 tantummodo),
733 3956 780 4010 sed
802 3956 902 4025 scripsi
925 3957 1207 4025 (cf.142,12.13.):
1231 3957 1279 4011 sed
1303 3960 1331 4012 et
1348 3960 1456 4011 tuntum

310 4043 441 4104 PNFR'.
473 4045 519 4098 sed
548 4045 600 4098 iam
629 4049 686 4099 tum
710 4045 749 4100 12³
776 4046 859 4114 cubo
962 4046 1050 4100 malae
1074 4051 1102 4100 et
1124 4047 1211 4101 bonae
1233 4047 1299 4110 NF,
1321 4047 1409 4102 bonae
1428 4052 1457 4102 et

311 4132 397 4186 inulae
416 4132 533 4202 Punico
598 4135 628 4187 11
650 4134 676 4186 in
694 4133 831 4201 <eadem>
849 4134 961 4202 scripsi:
982 4135 1010 4188 in
1028 4135 1188 4204 <ea>1um
1205 4137 1234 4188 in
1252 4135 1339 4190 PNF
1407 4153 1456 4207 po·

308 4222 394 4275 tuerit
412 4221 444 4290 P,
462 4223 603 4292 potuerint
621 4221 680 4274 NF
734 4223 766 4276 18
783 4223 854 4276 nibil
871 4224 963 4291 (erit)
972 4222 1043 4291 sort.
1097 4225 1133 4277 24
1152 4239 1183 4278 ex
1200 4224 1271 4277 malo
1285 4223 1318 4287 P,
1337 4227 1367 4279 et
1383 4225 1455 4279 malo

308 4308 368 4363 NF
419 4311 454 4364 25
474 4315 501 4363 et
520 4311 620 4364 addidi
911 4302 914 4309 ⁴
