<?xml version="1.0" encoding="UTF-8"?>
<!DOCTYPE html PUBLIC "-//W3C//DTD XHTML 1.0 Transitional//EN"
    "http://www.w3.org/TR/xhtml1/DTD/xhtml1-transitional.dtd">
<html xmlns="http://www.w3.org/1999/xhtml" xml:lang="en" lang="en">
 <head>
  <title>
</title>
<meta http-equiv="Content-Type" content="text/html;charset=utf-8" />
  <meta name='ocr-system' content='tesseract 3.04.00' />
  <meta name='ocr-capabilities' content='ocr_page ocr_carea ocr_par ocr_line ocrx_word'/>
</head>
<body>
  <div class='ocr_page' id='page_1' title='image "./corpusscriptoru20wissgoog_0715.png"; bbox 0 0 3250 4959; ppageno 0'>
   <div class='ocr_carea' id='block_1_1' title="bbox 453 365 1358 438">
    <p class='ocr_par' dir='ltr' id='par_1_1' title="bbox 453 365 1358 438">
     <span class='ocr_line' id='line_1_1' title="bbox 453 365 1358 438; baseline 0.009 -19"><span class='ocrx_word' id='word_1_1' title='bbox 453 365 514 420; x_wconf 88' lang='lat' dir='ltr'>VH.</span> <span class='ocrx_word' id='word_1_2' title='bbox 534 365 702 420; x_wconf 80' lang='lat' dir='ltr'>Aduersus</span> <span class='ocrx_word' id='word_1_3' title='bbox 719 365 922 421; x_wconf 74' lang='lat' dir='ltr'><strong>Marcionem</strong></span> <span class='ocrx_word' id='word_1_4' title='bbox 940 367 988 421; x_wconf 88' lang='lat' dir='ltr'>lib.</span> <span class='ocrx_word' id='word_1_5' title='bbox 1007 366 1031 421; x_wconf 84' lang='lat' dir='ltr'>V</span> <span class='ocrx_word' id='word_1_6' title='bbox 1051 368 1093 422; x_wconf 84' lang='grc'>11.</span> <span class='ocrx_word' id='word_1_7' title='bbox 1278 371 1358 438; x_wconf 79' lang='grc' dir='ltr'>635Ι</span> 
     </span>
    </p>
   </div>
   <div class='ocr_carea' id='block_1_2' title="bbox 143 561 1345 3202">
    <p class='ocr_par' dir='ltr' id='par_1_2' title="bbox 143 561 1345 3202">
     <span class='ocr_line' id='line_1_2' title="bbox 195 561 1344 645; baseline 0.002 -20"><span class='ocrx_word' id='word_1_8' title='bbox 195 561 330 643; x_wconf 87' lang='lat' dir='ltr'>potitus,</span> <span class='ocrx_word' id='word_1_9' title='bbox 356 563 441 627; x_wconf 90' lang='lat' dir='ltr'>sicut</span> <span class='ocrx_word' id='word_1_10' title='bbox 463 561 566 626; x_wconf 91' lang='lat' dir='ltr'>dicere</span> <span class='ocrx_word' id='word_1_11' title='bbox 590 579 663 626; x_wconf 90' lang='lat' dir='ltr'>eum</span> <span class='ocrx_word' id='word_1_12' title='bbox 686 561 841 645; x_wconf 88' lang='lat' dir='ltr'>propheta</span> <span class='ocrx_word' id='word_1_13' title='bbox 862 562 974 626; x_wconf 83' lang='lat' dir='ltr'><strong>refert:</strong></span> <span class='ocrx_word' id='word_1_14' title='bbox 1003 580 1143 644; x_wconf 85' lang='lat' dir='ltr'>ponam</span> <span class='ocrx_word' id='word_1_15' title='bbox 1173 562 1212 626; x_wconf 92' lang='lat' dir='ltr'>iu</span> <span class='ocrx_word' id='word_1_16' title='bbox 1235 562 1344 628; x_wconf 85' lang='lat' dir='ltr'>nubi-</span> 
     </span>
     <span class='ocr_line' id='line_1_3' title="bbox 196 667 1343 734; baseline 0.003 -3"><span class='ocrx_word' id='word_1_17' title='bbox 196 668 270 732; x_wconf 84' lang='lat' dir='ltr'>bus</span> <span class='ocrx_word' id='word_1_18' title='bbox 295 669 486 733; x_wconf 81' lang='lat' dir='ltr'><strong>thronum</strong></span> <span class='ocrx_word' id='word_1_19' title='bbox 510 687 647 733; x_wconf 91' lang='lat' dir='ltr'>meum:</span> <span class='ocrx_word' id='word_1_20' title='bbox 682 687 747 733; x_wconf 90' lang='lat' dir='ltr'>ero</span> <span class='ocrx_word' id='word_1_21' title='bbox 773 668 926 733; x_wconf 87' lang='lat' dir='ltr'>similis</span> <span class='ocrx_word' id='word_1_22' title='bbox 956 667 1177 734; x_wconf 87' lang='lat' dir='ltr'>altissimo.</span> <span class='ocrx_word' id='word_1_23' title='bbox 1206 669 1259 733; x_wconf 91' lang='lat' dir='ltr'>hic</span> <span class='ocrx_word' id='word_1_24' title='bbox 1282 671 1343 734; x_wconf 89' lang='lat' dir='ltr'>erit</span> 
     </span>
     <span class='ocr_line' id='line_1_4' title="bbox 196 774 1343 859; baseline 0.003 -22"><span class='ocrx_word' id='word_1_25' title='bbox 196 774 353 853; x_wconf 88' lang='lat' dir='ltr'>diabolus,</span> <span class='ocrx_word' id='word_1_26' title='bbox 374 794 468 858; x_wconf 87' lang='lat' dir='ltr'>quern</span> <span class='ocrx_word' id='word_1_27' title='bbox 493 779 525 840; x_wconf 90' lang='lat' dir='ltr'>et</span> <span class='ocrx_word' id='word_1_28' title='bbox 543 776 630 854; x_wconf 86' lang='lat' dir='ltr'>alibi,</span> <span class='ocrx_word' id='word_1_29' title='bbox 650 776 676 841; x_wconf 89' lang='lat' dir='ltr'>si</span> <span class='ocrx_word' id='word_1_30' title='bbox 695 778 800 840; x_wconf 86' lang='lat' dir='ltr'>tamen</span> <span class='ocrx_word' id='word_1_31' title='bbox 820 775 867 839; x_wconf 86' lang='lat' dir='ltr'>ita</span> <span class='ocrx_word' id='word_1_32' title='bbox 884 778 918 840; x_wconf 89' lang='lat' dir='ltr'>et</span> <span class='ocrx_word' id='word_1_33' title='bbox 935 775 1117 858; x_wconf 89' lang='lat' dir='ltr'>apostolum</span> <span class='ocrx_word' id='word_1_34' title='bbox 1136 776 1201 859; x_wconf 90' lang='lat' dir='ltr'>legi</span> <span class='ocrx_word' id='word_1_35' title='bbox 1220 776 1343 856; x_wconf 89' lang='lat' dir='ltr'>uolunt,</span> 
     </span>
     <span class='ocr_line' id='line_1_5' title="bbox 195 879 1342 965; baseline 0.003 -21"><span class='ocrx_word' id='word_1_36' title='bbox 195 880 292 944; x_wconf 92' lang='lat' dir='ltr'>deum</span> <span class='ocrx_word' id='word_1_37' title='bbox 316 883 387 945; x_wconf 87' lang='lat' dir='ltr'>aeui</span> <span class='ocrx_word' id='word_1_38' title='bbox 410 881 505 945; x_wconf 90' lang='lat' dir='ltr'>huius</span> <span class='ocrx_word' id='word_1_39' title='bbox 530 899 749 965; x_wconf 79' lang='lat' dir='ltr'>agnoscemus,</span> <span class='ocrx_word' id='word_1_40' title='bbox 773 879 821 946; x_wconf 87' lang='lat' dir='ltr'>ita</span> <span class='ocrx_word' id='word_1_41' title='bbox 843 881 926 945; x_wconf 90' lang='lat' dir='ltr'>enim</span> <span class='ocrx_word' id='word_1_42' title='bbox 944 884 1050 945; x_wconf 89' lang='lat' dir='ltr'>totum</span> <span class='ocrx_word' id='word_1_43' title='bbox 1074 884 1239 946; x_wconf 87' lang='lat' dir='ltr'>saeculum</span> <span class='ocrx_word' id='word_1_44' title='bbox 1257 903 1342 948; x_wconf 91' lang='lat' dir='ltr'>men-</span> 
     </span>
     <span class='ocr_line' id='line_1_6' title="bbox 156 986 1344 1070; baseline 0.003 -19"><span class='ocrx_word' id='word_1_45' title='bbox 156 987 286 1051; x_wconf 79' lang='lat' dir='ltr'>adacio</span> <span class='ocrx_word' id='word_1_46' title='bbox 307 986 484 1052; x_wconf 85' lang='lat' dir='ltr'>diuinitatis</span> <span class='ocrx_word' id='word_1_47' title='bbox 503 987 660 1069; x_wconf 87' lang='lat' dir='ltr'>impleuit.</span> <span class='ocrx_word' id='word_1_48' title='bbox 686 988 741 1070; x_wconf 88' lang='lat' dir='ltr'>qui</span> <span class='ocrx_word' id='word_1_49' title='bbox 765 990 858 1069; x_wconf 87' lang='lat' dir='ltr'>plane</span> <span class='ocrx_word' id='word_1_50' title='bbox 883 987 911 1052; x_wconf 89' lang='lat' dir='ltr'>si</span> <span class='ocrx_word' id='word_1_51' title='bbox 933 1007 994 1052; x_wconf 90' lang='lat' dir='ltr'>non</span> <span class='ocrx_word' id='word_1_52' title='bbox 1018 988 1143 1067; x_wconf 86' lang='lat' dir='ltr'>fuisset,</span> <span class='ocrx_word' id='word_1_53' title='bbox 1167 992 1243 1053; x_wconf 88' lang='lat' dir='ltr'>tunc</span> <span class='ocrx_word' id='word_1_54' title='bbox 1266 991 1344 1055; x_wconf 89' lang='lat' dir='ltr'>haec</span> 
     </span>
     <span class='ocr_line' id='line_1_7' title="bbox 192 1093 1343 1178; baseline 0.005 -22"><span class='ocrx_word' id='word_1_55' title='bbox 192 1094 225 1158; x_wconf 93' lang='lat' dir='ltr'>in</span> <span class='ocrx_word' id='word_1_56' title='bbox 251 1097 423 1159; x_wconf 80' lang='lat' dir='ltr'>creatorem</span> <span class='ocrx_word' id='word_1_57' title='bbox 443 1099 604 1176; x_wconf 78' lang='lat' dir='ltr'>spectasse</span> <span class='ocrx_word' id='word_1_58' title='bbox 622 1095 814 1177; x_wconf 86' lang='lat' dir='ltr'>potuissent.</span> <span class='ocrx_word' id='word_1_59' title='bbox 834 1093 891 1158; x_wconf 89' lang='lat' dir='ltr'>sed</span> <span class='ocrx_word' id='word_1_60' title='bbox 911 1098 944 1159; x_wconf 89' lang='lat' dir='ltr'>ot</span> <span class='ocrx_word' id='word_1_61' title='bbox 960 1094 1021 1178; x_wconf 78' lang='lat' dir='ltr'>(si)</span> <span class='ocrx_word' id='word_1_62' title='bbox 1038 1095 1070 1158; x_wconf 88' lang='lat' dir='ltr'>in</span> <span class='ocrx_word' id='word_1_63' title='bbox 1090 1095 1252 1161; x_wconf 86' lang='lat' dir='ltr'>ludaismo</span> <span class='ocrx_word' id='word_1_64' title='bbox 1272 1116 1343 1162; x_wconf 91' lang='lat' dir='ltr'>con-</span> 
     </span>
     <span class='ocr_line' id='line_1_8' title="bbox 193 1201 1343 1284; baseline 0.003 -20"><span class='ocrx_word' id='word_1_65' title='bbox 193 1202 341 1265; x_wconf 88' lang='lat' dir='ltr'>uersatus</span> <span class='ocrx_word' id='word_1_66' title='bbox 372 1201 476 1265; x_wconf 84' lang='lat' dir='ltr'>fuerat</span> <span class='ocrx_word' id='word_1_67' title='bbox 509 1201 684 1284; x_wconf 86' lang='lat' dir='ltr'>apostolus,</span> <span class='ocrx_word' id='word_1_68' title='bbox 717 1219 777 1264; x_wconf 89' lang='lat' dir='ltr'>non</span> <span class='ocrx_word' id='word_1_69' title='bbox 812 1201 887 1281; x_wconf 92' lang='lat' dir='ltr'>quia</span> <span class='ocrx_word' id='word_1_70' title='bbox 918 1201 1112 1283; x_wconf 87' lang='lat' dir='ltr'>interposuit</span> <span class='ocrx_word' id='word_1_71' title='bbox 1139 1201 1177 1265; x_wconf 90' lang='lat' dir='ltr'>de</span> <span class='ocrx_word' id='word_1_72' title='bbox 1202 1202 1343 1267; x_wconf 85' lang='lat' dir='ltr'>delictis:</span> 
     </span>
     <span class='ocr_line' id='line_1_9' title="bbox 194 1306 1343 1388; baseline 0.003 -18"><span class='ocrx_word' id='word_1_73' title='bbox 194 1307 234 1370; x_wconf 91' lang='lat' dir='ltr'>in</span> <span class='ocrx_word' id='word_1_74' title='bbox 258 1306 405 1388; x_wconf 91' lang='lat' dir='ltr'>quibus</span> <span class='ocrx_word' id='word_1_75' title='bbox 426 1310 464 1370; x_wconf 89' lang='lat' dir='ltr'>et</span> <span class='ocrx_word' id='word_1_76' title='bbox 482 1325 552 1371; x_wconf 94' lang='lat' dir='ltr'>nos</span> <span class='ocrx_word' id='word_1_77' title='bbox 573 1326 706 1372; x_wconf 91' lang='lat' dir='ltr'>omnes</span> <span class='ocrx_word' id='word_1_78' title='bbox 727 1306 967 1372; x_wconf 85' lang='lat' dir='ltr'>conuersati</span> <span class='ocrx_word' id='word_1_79' title='bbox 987 1327 1137 1383; x_wconf 87' lang='lat' dir='ltr'>sumus,</span> <span class='ocrx_word' id='word_1_80' title='bbox 1156 1308 1228 1373; x_wconf 91' lang='lat' dir='ltr'>ideo</span> <span class='ocrx_word' id='word_1_81' title='bbox 1248 1309 1343 1374; x_wconf 90' lang='lat' dir='ltr'>delic-</span> 
     </span>
     <span class='ocr_line' id='line_1_10' title="bbox 192 1413 1344 1497; baseline 0.003 -20"><span class='ocrx_word' id='word_1_82' title='bbox 192 1416 298 1479; x_wconf 89' lang='lat' dir='ltr'>torum</span> <span class='ocrx_word' id='word_1_83' title='bbox 331 1413 494 1478; x_wconf 89' lang='lat' dir='ltr'>dominnm</span> <span class='ocrx_word' id='word_1_84' title='bbox 523 1417 554 1479; x_wconf 86' lang='lat' dir='ltr'>et</span> <span class='ocrx_word' id='word_1_85' title='bbox 577 1415 750 1497; x_wconf 88' lang='lat' dir='ltr'>principem</span> <span class='ocrx_word' id='word_1_86' title='bbox 775 1415 856 1478; x_wconf 77' lang='lat' dir='ltr'>aeris</span> <span class='ocrx_word' id='word_1_87' title='bbox 885 1413 981 1480; x_wconf 86' lang='lat' dir='ltr'>huius</span> <span class='ocrx_word' id='word_1_88' title='bbox 1005 1419 1179 1479; x_wconf 87' lang='lat' dir='ltr'>creatorem</span> <span class='ocrx_word' id='word_1_89' title='bbox 1202 1419 1344 1497; x_wconf 88' lang='lat' dir='ltr'>praestat</span> 
     </span>
     <span class='ocr_line' id='line_1_11' title="bbox 143 1520 1344 1604; baseline 0.003 -22"><span class='ocrx_word' id='word_1_90' title='bbox 143 1543 174 1583; x_wconf 80' lang='lat' dir='ltr'>ao</span> <span class='ocrx_word' id='word_1_91' title='bbox 192 1520 348 1604; x_wconf 77' lang='lat' dir='ltr'>intellegi,</span> <span class='ocrx_word' id='word_1_92' title='bbox 373 1521 429 1585; x_wconf 87' lang='lat' dir='ltr'>sed</span> <span class='ocrx_word' id='word_1_93' title='bbox 453 1521 527 1603; x_wconf 88' lang='lat' dir='ltr'>quia</span> <span class='ocrx_word' id='word_1_94' title='bbox 549 1521 581 1585; x_wconf 90' lang='lat' dir='ltr'>in</span> <span class='ocrx_word' id='word_1_95' title='bbox 600 1520 761 1586; x_wconf 88' lang='lat' dir='ltr'>Iudaismo</span> <span class='ocrx_word' id='word_1_96' title='bbox 786 1539 868 1586; x_wconf 90' lang='lat' dir='ltr'>unus</span> <span class='ocrx_word' id='word_1_97' title='bbox 891 1521 996 1585; x_wconf 84' lang='lat' dir='ltr'>fuerat</span> <span class='ocrx_word' id='word_1_98' title='bbox 1015 1520 1053 1585; x_wconf 91' lang='lat' dir='ltr'>de</span> <span class='ocrx_word' id='word_1_99' title='bbox 1075 1521 1151 1586; x_wconf 88' lang='lat' dir='ltr'>filiis</span> <span class='ocrx_word' id='word_1_100' title='bbox 1174 1522 1344 1586; x_wconf 90' lang='lat' dir='ltr'>increduli-</span> 
     </span>
     <span class='ocr_line' id='line_1_12' title="bbox 191 1625 1344 1709; baseline 0.003 -20"><span class='ocrx_word' id='word_1_101' title='bbox 191 1627 269 1690; x_wconf 90' lang='lat' dir='ltr'>tatis</span> <span class='ocrx_word' id='word_1_102' title='bbox 299 1625 460 1690; x_wconf 86' lang='lat' dir='ltr'>diabolum</span> <span class='ocrx_word' id='word_1_103' title='bbox 488 1627 607 1691; x_wconf 89' lang='lat' dir='ltr'>habens</span> <span class='ocrx_word' id='word_1_104' title='bbox 638 1629 846 1708; x_wconf 75' lang='lat' dir='ltr'>operatorem,</span> <span class='ocrx_word' id='word_1_105' title='bbox 875 1645 947 1692; x_wconf 92' lang='lat' dir='ltr'>cum</span> <span class='ocrx_word' id='word_1_106' title='bbox 976 1629 1220 1709; x_wconf 87' lang='lat' dir='ltr'>persequeretur</span> <span class='ocrx_word' id='word_1_107' title='bbox 1243 1630 1344 1693; x_wconf 91' lang='lat' dir='ltr'>eccle-</span> 
     </span>
     <span class='ocr_line' id='line_1_13' title="bbox 193 1731 1342 1816; baseline 0.002 -19"><span class='ocrx_word' id='word_1_108' title='bbox 193 1731 272 1797; x_wconf 88' lang='lat' dir='ltr'>siam</span> <span class='ocrx_word' id='word_1_109' title='bbox 289 1735 322 1797; x_wconf 84' lang='lat' dir='ltr'>et</span> <span class='ocrx_word' id='word_1_110' title='bbox 336 1732 499 1798; x_wconf 81' lang='lat' dir='ltr'>Christum</span> <span class='ocrx_word' id='word_1_111' title='bbox 514 1733 676 1810; x_wconf 88' lang='lat' dir='ltr'>creatoris,</span> <span class='ocrx_word' id='word_1_112' title='bbox 690 1737 820 1816; x_wconf 87' lang='lat' dir='ltr'>propter</span> <span class='ocrx_word' id='word_1_113' title='bbox 835 1733 920 1815; x_wconf 90' lang='lat' dir='ltr'>quod</span> <span class='ocrx_word' id='word_1_114' title='bbox 934 1738 981 1798; x_wconf 90' lang='lat' dir='ltr'>et:</span> <span class='ocrx_word' id='word_1_115' title='bbox 1001 1734 1239 1798; x_wconf 88' lang='lat' dir='ltr'>iracundiae</span> <span class='ocrx_word' id='word_1_116' title='bbox 1253 1735 1342 1799; x_wconf 85' lang='lat' dir='ltr'>filii</span> 
     </span>
     <span class='ocr_line' id='line_1_14' title="bbox 191 1838 1344 1924; baseline 0.003 -22"><span class='ocrx_word' id='word_1_117' title='bbox 191 1838 357 1918; x_wconf 87' lang='lat' dir='ltr'>luimus,</span> <span class='ocrx_word' id='word_1_118' title='bbox 393 1841 506 1921; x_wconf 88' lang='lat' dir='ltr'>inquit.</span> <span class='ocrx_word' id='word_1_119' title='bbox 550 1839 606 1904; x_wconf 88' lang='lat' dir='ltr'>sed</span> <span class='ocrx_word' id='word_1_120' title='bbox 642 1844 798 1917; x_wconf 87' lang='lat' dir='ltr'>natura,</span> <span class='ocrx_word' id='word_1_121' title='bbox 837 1859 886 1918; x_wconf 90' lang='lat' dir='ltr'>ne,</span> <span class='ocrx_word' id='word_1_122' title='bbox 925 1839 1000 1921; x_wconf 89' lang='lat' dir='ltr'>quia</span> <span class='ocrx_word' id='word_1_123' title='bbox 1039 1839 1125 1904; x_wconf 88' lang='lat' dir='ltr'>lilios</span> <span class='ocrx_word' id='word_1_124' title='bbox 1167 1842 1344 1924; x_wconf 86' lang='lat' dir='ltr'>appellauit</span> 
     </span>
     <span class='ocr_line' id='line_1_15' title="bbox 191 1944 1342 2030; baseline 0.004 -23"><span class='ocrx_word' id='word_1_125' title='bbox 191 1944 326 2011; x_wconf 87' lang='lat' dir='ltr'>Iudaeos</span> <span class='ocrx_word' id='word_1_126' title='bbox 356 1950 486 2025; x_wconf 87' lang='lat' dir='ltr'>creator,</span> <span class='ocrx_word' id='word_1_127' title='bbox 516 1950 756 2030; x_wconf 85' lang='lat' dir='ltr'>argumentetur</span> <span class='ocrx_word' id='word_1_128' title='bbox 778 1946 957 2012; x_wconf 88' lang='lat' dir='ltr'>haereticus</span> <span class='ocrx_word' id='word_1_129' title='bbox 982 1947 1145 2012; x_wconf 88' lang='lat' dir='ltr'>dominnm</span> <span class='ocrx_word' id='word_1_130' title='bbox 1169 1946 1234 2011; x_wconf 89' lang='lat' dir='ltr'>irae</span> <span class='ocrx_word' id='word_1_131' title='bbox 1258 1967 1342 2012; x_wconf 89' lang='lat' dir='ltr'>crea-</span> 
     </span>
     <span class='ocr_line' id='line_1_16' title="bbox 147 2052 1341 2150; baseline 0.005 -37"><span class='ocrx_word' id='word_1_132' title='bbox 147 2073 174 2114; x_wconf 69' lang='grc' dir='ltr'>ιε</span> <span class='ocrx_word' id='word_1_133' title='bbox 192 2055 304 2116; x_wconf 89' lang='lat' dir='ltr'>torem.</span> <span class='ocrx_word' id='word_1_134' title='bbox 325 2069 397 2116; x_wconf 89' lang='lat' dir='ltr'>curn</span> <span class='ocrx_word' id='word_1_135' title='bbox 418 2053 501 2117; x_wconf 89' lang='lat' dir='ltr'>enirn</span> <span class='ocrx_word' id='word_1_136' title='bbox 521 2052 612 2117; x_wconf 90' lang='lat' dir='ltr'>dicit:</span> <span class='ocrx_word' id='word_1_137' title='bbox 638 2052 792 2116; x_wconf 87' lang='lat' dir='ltr'>fuimus</span> <span class='ocrx_word' id='word_1_138' title='bbox 812 2056 958 2117; x_wconf 86' lang='lat' dir='ltr'>natura</span> <span class='ocrx_word' id='word_1_139' title='bbox 980 2055 1065 2118; x_wconf 84' lang='lat' dir='ltr'>filii</span> <span class='ocrx_word' id='word_1_140' title='bbox 1089 2055 1341 2150; x_wconf 60' lang='lat' dir='ltr'>iracundiae,</span> 
     </span>
     <span class='ocr_line' id='line_1_17' title="bbox 192 2159 1341 2236; baseline 0.003 -14"><span class='ocrx_word' id='word_1_141' title='bbox 192 2159 343 2223; x_wconf 86' lang='lat' dir='ltr'>creatoris</span> <span class='ocrx_word' id='word_1_142' title='bbox 375 2162 481 2224; x_wconf 87' lang='lat' dir='ltr'>autem</span> <span class='ocrx_word' id='word_1_143' title='bbox 512 2178 573 2223; x_wconf 91' lang='lat' dir='ltr'>uon</span> <span class='ocrx_word' id='word_1_144' title='bbox 607 2162 719 2223; x_wconf 83' lang='lat' dir='ltr'>natura</span> <span class='ocrx_word' id='word_1_145' title='bbox 747 2163 821 2224; x_wconf 87' lang='lat' dir='ltr'>sunt</span> <span class='ocrx_word' id='word_1_146' title='bbox 847 2159 906 2222; x_wconf 90' lang='lat' dir='ltr'>filii</span> <span class='ocrx_word' id='word_1_147' title='bbox 929 2159 1049 2236; x_wconf 88' lang='lat' dir='ltr'>ludaei,</span> <span class='ocrx_word' id='word_1_148' title='bbox 1084 2160 1140 2225; x_wconf 89' lang='lat' dir='ltr'>sed</span> <span class='ocrx_word' id='word_1_149' title='bbox 1164 2160 1341 2226; x_wconf 88' lang='lat' dir='ltr'>adlectione</span> 
     </span>
     <span class='ocr_line' id='line_1_18' title="bbox 192 2265 1342 2350; baseline 0.003 -22"><span class='ocrx_word' id='word_1_150' title='bbox 192 2269 330 2350; x_wconf 86' lang='lat' dir='ltr'>patrum,</span> <span class='ocrx_word' id='word_1_151' title='bbox 363 2266 428 2330; x_wconf 85' lang='lat' dir='ltr'>irae</span> <span class='ocrx_word' id='word_1_152' title='bbox 450 2265 533 2331; x_wconf 90' lang='lat' dir='ltr'>filios</span> <span class='ocrx_word' id='word_1_153' title='bbox 558 2266 595 2330; x_wconf 88' lang='lat' dir='ltr'>ad</span> <span class='ocrx_word' id='word_1_154' title='bbox 620 2269 764 2329; x_wconf 87' lang='lat' dir='ltr'>naturam</span> <span class='ocrx_word' id='word_1_155' title='bbox 787 2266 908 2342; x_wconf 83' lang='lat' dir='ltr'>retulit,</span> <span class='ocrx_word' id='word_1_156' title='bbox 933 2284 995 2330; x_wconf 93' lang='lat' dir='ltr'>non</span> <span class='ocrx_word' id='word_1_157' title='bbox 1019 2265 1057 2330; x_wconf 89' lang='lat' dir='ltr'>ad</span> <span class='ocrx_word' id='word_1_158' title='bbox 1085 2271 1268 2330; x_wconf 89' lang='lat' dir='ltr'>creatorem.</span> <span class='ocrx_word' id='word_1_159' title='bbox 1302 2267 1342 2332; x_wconf 89' lang='lat' dir='ltr'>ad</span> 
     </span>
     <span class='ocr_line' id='line_1_19' title="bbox 195 2373 1343 2457; baseline 0 -21"><span class='ocrx_word' id='word_1_160' title='bbox 195 2391 352 2437; x_wconf 87' lang='lat' dir='ltr'>summam</span> <span class='ocrx_word' id='word_1_161' title='bbox 377 2373 587 2457; x_wconf 88' lang='lat' dir='ltr'>subiungens:</span> <span class='ocrx_word' id='word_1_162' title='bbox 622 2373 733 2437; x_wconf 88' lang='lat' dir='ltr'>sicut</span> <span class='ocrx_word' id='word_1_163' title='bbox 761 2375 800 2438; x_wconf 89' lang='lat' dir='ltr'>ot</span> <span class='ocrx_word' id='word_1_164' title='bbox 828 2373 966 2450; x_wconf 91' lang='lat' dir='ltr'>ceteri,</span> <span class='ocrx_word' id='word_1_165' title='bbox 995 2373 1050 2456; x_wconf 91' lang='lat' dir='ltr'>qui</span> <span class='ocrx_word' id='word_1_166' title='bbox 1074 2373 1185 2456; x_wconf 89' lang='lat' dir='ltr'>utique</span> <span class='ocrx_word' id='word_1_167' title='bbox 1208 2373 1267 2437; x_wconf 90' lang='lat' dir='ltr'>filii</span> <span class='ocrx_word' id='word_1_168' title='bbox 1291 2373 1343 2437; x_wconf 92' lang='lat' dir='ltr'>dei</span> 
     </span>
     <span class='ocr_line' id='line_1_20' title="bbox 195 2479 1345 2562; baseline 0.001 -19"><span class='ocrx_word' id='word_1_169' title='bbox 195 2497 255 2543; x_wconf 93' lang='lat' dir='ltr'>non</span> <span class='ocrx_word' id='word_1_170' title='bbox 289 2481 372 2557; x_wconf 84' lang='lat' dir='ltr'>sunt,</span> <span class='ocrx_word' id='word_1_171' title='bbox 411 2483 541 2562; x_wconf 86' lang='lat' dir='ltr'>apparet</span> <span class='ocrx_word' id='word_1_172' title='bbox 573 2480 733 2544; x_wconf 89' lang='lat' dir='ltr'>communi</span> <span class='ocrx_word' id='word_1_173' title='bbox 768 2483 899 2544; x_wconf 87' lang='lat' dir='ltr'>naturae</span> <span class='ocrx_word' id='word_1_174' title='bbox 932 2479 1073 2545; x_wconf 90' lang='lat' dir='ltr'>omnium</span> <span class='ocrx_word' id='word_1_175' title='bbox 1110 2479 1274 2544; x_wconf 90' lang='lat' dir='ltr'>hominum</span> <span class='ocrx_word' id='word_1_176' title='bbox 1312 2483 1345 2544; x_wconf 87' lang='lat' dir='ltr'>et</span> 
     </span>
     <span class='ocr_line' id='line_1_21' title="bbox 147 2585 1343 2667; baseline 0.005 -23"><span class='ocrx_word' id='word_1_177' title='bbox 147 2600 175 2644; x_wconf 83' lang='lat' dir='ltr'>ao</span> <span class='ocrx_word' id='word_1_178' title='bbox 194 2585 311 2650; x_wconf 86' lang='lat' dir='ltr'>delicta</span> <span class='ocrx_word' id='word_1_179' title='bbox 343 2588 378 2651; x_wconf 88' lang='lat' dir='ltr'>et</span> <span class='ocrx_word' id='word_1_180' title='bbox 405 2586 677 2667; x_wconf 85' lang='lat' dir='ltr'>concupiscentias</span> <span class='ocrx_word' id='word_1_181' title='bbox 708 2587 807 2650; x_wconf 86' lang='lat' dir='ltr'>carnis</span> <span class='ocrx_word' id='word_1_182' title='bbox 833 2590 865 2650; x_wconf 91' lang='lat' dir='ltr'>et</span> <span class='ocrx_word' id='word_1_183' title='bbox 887 2586 1142 2650; x_wconf 89' lang='lat' dir='ltr'>incredulitatem</span> <span class='ocrx_word' id='word_1_184' title='bbox 1167 2591 1199 2650; x_wconf 89' lang='lat' dir='ltr'>et</span> <span class='ocrx_word' id='word_1_185' title='bbox 1221 2586 1343 2650; x_wconf 87' lang='lat' dir='ltr'>iracun-</span> 
     </span>
     <span class='ocr_line' id='line_1_22' title="bbox 194 2692 1343 2774; baseline 0.001 -18"><span class='ocrx_word' id='word_1_186' title='bbox 194 2692 277 2756; x_wconf 86' lang='lat' dir='ltr'>diam</span> <span class='ocrx_word' id='word_1_187' title='bbox 301 2695 461 2774; x_wconf 86' lang='lat' dir='ltr'>reputans,</span> <span class='ocrx_word' id='word_1_188' title='bbox 482 2692 606 2757; x_wconf 92' lang='lat' dir='ltr'>diabolo</span> <span class='ocrx_word' id='word_1_189' title='bbox 630 2696 733 2756; x_wconf 88' lang='lat' dir='ltr'>tamen</span> <span class='ocrx_word' id='word_1_190' title='bbox 758 2695 904 2774; x_wconf 88' lang='lat' dir='ltr'>captante</span> <span class='ocrx_word' id='word_1_191' title='bbox 927 2695 1082 2770; x_wconf 86' lang='lat' dir='ltr'>naturam,</span> <span class='ocrx_word' id='word_1_192' title='bbox 1108 2711 1203 2774; x_wconf 88' lang='lat' dir='ltr'>qnam</span> <span class='ocrx_word' id='word_1_193' title='bbox 1223 2695 1256 2756; x_wconf 92' lang='lat' dir='ltr'>et</span> <span class='ocrx_word' id='word_1_194' title='bbox 1273 2693 1343 2774; x_wconf 86' lang='lat' dir='ltr'>ipse</span> 
     </span>
     <span class='ocr_line' id='line_1_23' title="bbox 193 2797 1342 2882; baseline 0.002 -21"><span class='ocrx_word' id='word_1_195' title='bbox 193 2799 256 2863; x_wconf 86' lang='lat' dir='ltr'>iam</span> <span class='ocrx_word' id='word_1_196' title='bbox 280 2798 421 2882; x_wconf 87' lang='lat' dir='ltr'>&lt;in&gt;fecit</span> <span class='ocrx_word' id='word_1_197' title='bbox 445 2799 553 2863; x_wconf 88' lang='lat' dir='ltr'>delicti</span> <span class='ocrx_word' id='word_1_198' title='bbox 577 2799 697 2862; x_wconf 89' lang='lat' dir='ltr'>semine</span> <span class='ocrx_word' id='word_1_199' title='bbox 716 2799 826 2862; x_wconf 89' lang='lat' dir='ltr'>inlato.</span> <span class='ocrx_word' id='word_1_200' title='bbox 894 2797 1044 2879; x_wconf 85' lang='lat' dir='ltr'>Ipsius,</span> <span class='ocrx_word' id='word_1_201' title='bbox 1068 2798 1182 2880; x_wconf 92' lang='lat' dir='ltr'>inquit,</span> <span class='ocrx_word' id='word_1_202' title='bbox 1204 2818 1342 2864; x_wconf 87' lang='lat' dir='ltr'>sumus</span> 
     </span>
     <span class='ocr_line' id='line_1_24' title="bbox 194 2903 1341 2984; baseline 0 -15"><span class='ocrx_word' id='word_1_203' title='bbox 194 2906 364 2982; x_wconf 84' lang='lat' dir='ltr'>factura,</span> <span class='ocrx_word' id='word_1_204' title='bbox 389 2905 547 2970; x_wconf 91' lang='lat' dir='ltr'>conditi</span> <span class='ocrx_word' id='word_1_205' title='bbox 569 2905 607 2968; x_wconf 95' lang='lat' dir='ltr'>in</span> <span class='ocrx_word' id='word_1_206' title='bbox 633 2903 810 2970; x_wconf 81' lang='lat' dir='ltr'>Christo.</span> <span class='ocrx_word' id='word_1_207' title='bbox 837 2904 923 2967; x_wconf 91' lang='lat' dir='ltr'>aliud</span> <span class='ocrx_word' id='word_1_208' title='bbox 943 2909 994 2967; x_wconf 88' lang='lat' dir='ltr'>est</span> <span class='ocrx_word' id='word_1_209' title='bbox 1012 2904 1095 2968; x_wconf 91' lang='lat' dir='ltr'>enim</span> <span class='ocrx_word' id='word_1_210' title='bbox 1114 2904 1227 2984; x_wconf 85' lang='lat' dir='ltr'>facere,</span> <span class='ocrx_word' id='word_1_211' title='bbox 1253 2905 1341 2969; x_wconf 88' lang='lat' dir='ltr'>aliud</span> 
     </span>
     <span class='ocr_line' id='line_1_25' title="bbox 195 3009 1343 3094; baseline -0.002 -16"><span class='ocrx_word' id='word_1_212' title='bbox 195 3012 337 3078; x_wconf 90' lang='lat' dir='ltr'>condere.</span> <span class='ocrx_word' id='word_1_213' title='bbox 372 3011 428 3077; x_wconf 92' lang='lat' dir='ltr'>sed</span> <span class='ocrx_word' id='word_1_214' title='bbox 455 3016 626 3094; x_wconf 90' lang='lat' dir='ltr'>utrumque</span> <span class='ocrx_word' id='word_1_215' title='bbox 654 3011 709 3074; x_wconf 93' lang='lat' dir='ltr'>uni</span> <span class='ocrx_word' id='word_1_216' title='bbox 733 3010 829 3074; x_wconf 89' lang='lat' dir='ltr'>dedit.</span> <span class='ocrx_word' id='word_1_217' title='bbox 863 3009 958 3076; x_wconf 90' lang='lat' dir='ltr'>horno</span> <span class='ocrx_word' id='word_1_218' title='bbox 983 3014 1090 3075; x_wconf 82' lang='lat' dir='ltr'>autern</span> <span class='ocrx_word' id='word_1_219' title='bbox 1114 3011 1237 3075; x_wconf 87' lang='lat' dir='ltr'>factura</span> <span class='ocrx_word' id='word_1_220' title='bbox 1261 3031 1343 3076; x_wconf 89' lang='lat' dir='ltr'>crea·</span> 
     </span>
     <span class='ocr_line' id='line_1_26' title="bbox 149 3116 1342 3202; baseline -0.001 -19"><span class='ocrx_word' id='word_1_221' title='bbox 149 3130 176 3171; x_wconf 80' lang='lat'>²⁵</span> <span class='ocrx_word' id='word_1_222' title='bbox 195 3119 273 3184; x_wconf 89' lang='lat' dir='ltr'>toris</span> <span class='ocrx_word' id='word_1_223' title='bbox 297 3123 358 3184; x_wconf 89' lang='lat' dir='ltr'>est:</span> <span class='ocrx_word' id='word_1_224' title='bbox 380 3117 465 3182; x_wconf 91' lang='lat' dir='ltr'>idem</span> <span class='ocrx_word' id='word_1_225' title='bbox 485 3137 558 3202; x_wconf 91' lang='lat' dir='ltr'>ergo</span> <span class='ocrx_word' id='word_1_226' title='bbox 579 3117 720 3183; x_wconf 90' lang='lat' dir='ltr'>condidit</span> <span class='ocrx_word' id='word_1_227' title='bbox 739 3118 770 3182; x_wconf 93' lang='lat' dir='ltr'>in</span> <span class='ocrx_word' id='word_1_228' title='bbox 790 3116 928 3195; x_wconf 84' lang='lat' dir='ltr'>Christo,</span> <span class='ocrx_word' id='word_1_229' title='bbox 952 3117 1008 3200; x_wconf 91' lang='lat' dir='ltr'>qui</span> <span class='ocrx_word' id='word_1_230' title='bbox 1026 3122 1058 3182; x_wconf 90' lang='lat' dir='ltr'>et</span> <span class='ocrx_word' id='word_1_231' title='bbox 1076 3118 1163 3182; x_wconf 87' lang='lat' dir='ltr'>lecit.</span> <span class='ocrx_word' id='word_1_232' title='bbox 1189 3122 1342 3198; x_wconf 86' lang='lat' dir='ltr'>quantum</span> 
     </span>
    </p>
   </div>
   <div class='ocr_carea' id='block_1_3' title="bbox 194 3341 1341 3504">
    <p class='ocr_par' dir='ltr' id='par_1_3' title="bbox 194 3341 1341 3504">
     <span class='ocr_line' id='line_1_27' title="bbox 286 3341 1341 3414; baseline -0.001 -16"><span class='ocrx_word' id='word_1_233' title='bbox 286 3343 375 3414; x_wconf 75' lang='lat' dir='ltr'>Ulla.</span> <span class='ocrx_word' id='word_1_234' title='bbox 396 3345 436 3412; x_wconf 83' lang='grc'>14,</span> <span class='ocrx_word' id='word_1_235' title='bbox 458 3345 570 3398; x_wconf 83' lang='grc'>13-14.</span> <span class='ocrx_word' id='word_1_236' title='bbox 665 3343 693 3413; x_wconf 89' lang='grc'>8]</span> <span class='ocrx_word' id='word_1_237' title='bbox 714 3343 784 3413; x_wconf 80' lang='lat' dir='ltr'>Eph.</span> <span class='ocrx_word' id='word_1_238' title='bbox 804 3343 830 3409; x_wconf 83' lang='lat'>2,</span> <span class='ocrx_word' id='word_1_239' title='bbox 849 3345 875 3399; x_wconf 83' lang='lat'>3.</span> <span class='ocrx_word' id='word_1_240' title='bbox 972 3343 1087 3414; x_wconf 83' lang='lat'>12-15]</span> <span class='ocrx_word' id='word_1_241' title='bbox 1108 3343 1145 3397; x_wconf 90' lang='lat' dir='ltr'>ib.</span> <span class='ocrx_word' id='word_1_242' title='bbox 1239 3341 1289 3412; x_wconf 73' lang='grc'>111]1</span> <span class='ocrx_word' id='word_1_243' title='bbox 1303 3343 1341 3396; x_wconf 93' lang='lat' dir='ltr'>ib.</span> 
     </span>
     <span class='ocr_line' id='line_1_28' title="bbox 194 3431 436 3504; baseline 0 -18"><span class='ocrx_word' id='word_1_244' title='bbox 194 3431 239 3504; x_wconf 81' lang='grc'>22]</span> <span class='ocrx_word' id='word_1_245' title='bbox 258 3432 328 3502; x_wconf 81' lang='lat' dir='ltr'>Eph.</span> <span class='ocrx_word' id='word_1_246' title='bbox 349 3435 374 3500; x_wconf 88' lang='grc'>2,</span> <span class='ocrx_word' id='word_1_247' title='bbox 395 3433 436 3488; x_wconf 90' lang='grc'>10.</span> 
     </span>
    </p>
   </div>
   <div class='ocr_carea' id='block_1_4' title="bbox 193 3554 1345 4331">
    <p class='ocr_par' dir='ltr' id='par_1_4' title="bbox 193 3554 1345 4331">
     <span class='ocr_line' id='line_1_29' title="bbox 231 3554 1345 3627; baseline -0.003 -16"><span class='ocrx_word' id='word_1_248' title='bbox 231 3558 246 3611; x_wconf 89' lang='lat'>1</span> <span class='ocrx_word' id='word_1_249' title='bbox 265 3557 371 3627; x_wconf 86' lang='lat' dir='ltr'>potitus</span> <span class='ocrx_word' id='word_1_250' title='bbox 392 3557 458 3611; x_wconf 85' lang='lat' dir='ltr'>Gel:</span> <span class='ocrx_word' id='word_1_251' title='bbox 478 3557 569 3626; x_wconf 84' lang='lat' dir='ltr'>potius</span> <span class='ocrx_word' id='word_1_252' title='bbox 588 3556 650 3611; x_wconf 85' lang='lat' dir='ltr'>MR</span> <span class='ocrx_word' id='word_1_253' title='bbox 747 3556 881 3626; x_wconf 90' lang='lat' dir='ltr'>propheta</span> <span class='ocrx_word' id='word_1_254' title='bbox 900 3556 985 3610; x_wconf 81' lang='lat' dir='ltr'>refert</span> <span class='ocrx_word' id='word_1_255' title='bbox 1002 3556 1074 3609; x_wconf 80' lang='lat' dir='ltr'>Iun:</span> <span class='ocrx_word' id='word_1_256' title='bbox 1092 3555 1195 3624; x_wconf 81' lang='lat' dir='ltr'>profert</span> <span class='ocrx_word' id='word_1_257' title='bbox 1214 3559 1243 3609; x_wconf 91' lang='lat' dir='ltr'>et</span> <span class='ocrx_word' id='word_1_258' title='bbox 1260 3554 1345 3608; x_wconf 83' lang='lat' dir='ltr'>refert</span> 
     </span>
     <span class='ocr_line' id='line_1_30' title="bbox 193 3643 1343 3715; baseline -0.003 -15"><span class='ocrx_word' id='word_1_259' title='bbox 193 3645 256 3702; x_wconf 84' lang='lat' dir='ltr'>MR</span> <span class='ocrx_word' id='word_1_260' title='bbox 311 3649 376 3701; x_wconf 80' lang='lat' dir='ltr'>det</span> <span class='ocrx_word' id='word_1_261' title='bbox 392 3647 456 3713; x_wconf 85' lang='lat' dir='ltr'>&lt;si&gt;</span> <span class='ocrx_word' id='word_1_262' title='bbox 473 3646 585 3714; x_wconf 72' lang='lat' dir='ltr'>scropai:</span> <span class='ocrx_word' id='word_1_263' title='bbox 607 3648 635 3699; x_wconf 85' lang='lat' dir='ltr'>et</span> <span class='ocrx_word' id='word_1_264' title='bbox 652 3645 715 3699; x_wconf 85' lang='lat' dir='ltr'>MR</span> <span class='ocrx_word' id='word_1_265' title='bbox 770 3646 954 3715; x_wconf 71' lang='lat' dir='ltr'>inpostolns.</span> <span class='ocrx_word' id='word_1_266' title='bbox 974 3662 1028 3698; x_wconf 90' lang='lat' dir='ltr'>non</span> <span class='ocrx_word' id='word_1_267' title='bbox 1047 3644 1131 3714; x_wconf 70' lang='grc'>1414190</span> <span class='ocrx_word' id='word_1_268' title='bbox 1188 3646 1218 3698; x_wconf 92' lang='grc'>11</span> <span class='ocrx_word' id='word_1_269' title='bbox 1238 3643 1343 3697; x_wconf 86' lang='lat' dir='ltr'>habens</span> 
     </span>
     <span class='ocr_line' id='line_1_31' title="bbox 193 3731 1342 3802; baseline -0.004 -13"><span class='ocrx_word' id='word_1_270' title='bbox 193 3733 242 3800; x_wconf 65' lang='lat'>13³,</span> <span class='ocrx_word' id='word_1_271' title='bbox 261 3734 375 3789; x_wconf 87' lang='lat' dir='ltr'>habenti</span> <span class='ocrx_word' id='word_1_272' title='bbox 393 3733 466 3789; x_wconf 71' lang='grc' dir='ltr'>ΜΒι</span> <span class='ocrx_word' id='word_1_273' title='bbox 519 3735 552 3788; x_wconf 91' lang='grc'>12</span> <span class='ocrx_word' id='word_1_274' title='bbox 570 3733 726 3788; x_wconf 87' lang='lat' dir='ltr'>iracundiae</span> <span class='ocrx_word' id='word_1_275' title='bbox 744 3732 827 3802; x_wconf 78' lang='lat' dir='ltr'>MR³,</span> <span class='ocrx_word' id='word_1_276' title='bbox 847 3751 901 3786; x_wconf 91' lang='lat' dir='ltr'>non</span> <span class='ocrx_word' id='word_1_277' title='bbox 920 3732 1076 3787; x_wconf 87' lang='lat' dir='ltr'>iracundiae</span> <span class='ocrx_word' id='word_1_278' title='bbox 1094 3732 1134 3788; x_wconf 85' lang='lat' dir='ltr'>R¹</span> <span class='ocrx_word' id='word_1_279' title='bbox 1180 3733 1214 3786; x_wconf 82' lang='lat'>13</span> <span class='ocrx_word' id='word_1_280' title='bbox 1233 3731 1342 3795; x_wconf 83' lang='lat' dir='ltr'>fuimus,</span> 
     </span>
     <span class='ocr_line' id='line_1_32' title="bbox 194 3821 1342 3894; baseline -0.001 -16"><span class='ocrx_word' id='word_1_281' title='bbox 194 3825 286 3894; x_wconf 90' lang='lat' dir='ltr'>inquit</span> <span class='ocrx_word' id='word_1_282' title='bbox 302 3823 385 3892; x_wconf 71' lang='lat' dir='ltr'>MR1,</span> <span class='ocrx_word' id='word_1_283' title='bbox 405 3841 507 3886; x_wconf 88' lang='lat' dir='ltr'>sumus,</span> <span class='ocrx_word' id='word_1_284' title='bbox 526 3823 616 3892; x_wconf 85' lang='lat' dir='ltr'>inquit</span> <span class='ocrx_word' id='word_1_285' title='bbox 628 3823 664 3888; x_wconf 85' lang='lat' dir='ltr'>F,</span> <span class='ocrx_word' id='word_1_286' title='bbox 682 3822 783 3876; x_wconf 86' lang='lat' dir='ltr'>fuimus</span> <span class='ocrx_word' id='word_1_287' title='bbox 801 3822 850 3892; x_wconf 68' lang='lat'>12³,</span> <span class='ocrx_word' id='word_1_288' title='bbox 869 3822 1003 3877; x_wconf 81' lang='lat' dir='ltr'>sumusG</span> <span class='ocrx_word' id='word_1_289' title='bbox 1054 3822 1152 3891; x_wconf 90' lang='lat' dir='ltr'>inquit,</span> <span class='ocrx_word' id='word_1_290' title='bbox 1171 3821 1219 3875; x_wconf 89' lang='lat' dir='ltr'>sed</span> <span class='ocrx_word' id='word_1_291' title='bbox 1236 3825 1342 3877; x_wconf 88' lang='lat' dir='ltr'>natura.</span> 
     </span>
     <span class='ocr_line' id='line_1_33' title="bbox 194 3910 1343 3984; baseline -0.005 -16"><span class='ocrx_word' id='word_1_292' title='bbox 194 3931 229 3968; x_wconf 90' lang='lat' dir='ltr'>ne</span> <span class='ocrx_word' id='word_1_293' title='bbox 247 3915 332 3984; x_wconf 73' lang='lat' dir='ltr'>euripo</span> <span class='ocrx_word' id='word_1_294' title='bbox 402 3915 435 3967; x_wconf 78' lang='lat'>14</span> <span class='ocrx_word' id='word_1_295' title='bbox 453 3913 608 3966; x_wconf 88' lang='lat' dir='ltr'>haereticus</span> <span class='ocrx_word' id='word_1_296' title='bbox 626 3910 668 3975; x_wconf 84' lang='lat' dir='ltr'>M,</span> <span class='ocrx_word' id='word_1_297' title='bbox 688 3913 739 3965; x_wconf 89' lang='lat' dir='ltr'>hoe</span> <span class='ocrx_word' id='word_1_298' title='bbox 758 3912 911 3965; x_wconf 86' lang='lat' dir='ltr'>haereticus</span> <span class='ocrx_word' id='word_1_299' title='bbox 933 3910 1055 3980; x_wconf 69' lang='lat' dir='ltr'>scopo</span> <span class='ocrx_word' id='word_1_300' title='bbox 1129 3910 1162 3963; x_wconf 86' lang='grc'>11</span> <span class='ocrx_word' id='word_1_301' title='bbox 1187 3913 1343 3979; x_wconf 85' lang='lat' dir='ltr'>creatorem,</span> 
     </span>
     <span class='ocr_line' id='line_1_34' title="bbox 196 4000 1343 4072; baseline -0.005 -15"><span class='ocrx_word' id='word_1_302' title='bbox 196 4001 231 4056; x_wconf 88' lang='lat' dir='ltr'>ad</span> <span class='ocrx_word' id='word_1_303' title='bbox 248 4004 333 4072; x_wconf 71' lang='lat' dir='ltr'>welpo</span> <span class='ocrx_word' id='word_1_304' title='bbox 386 4003 418 4056; x_wconf 86' lang='grc'>19</span> <span class='ocrx_word' id='word_1_305' title='bbox 439 4005 509 4055; x_wconf 90' lang='lat' dir='ltr'>sunt.</span> <span class='ocrx_word' id='word_1_306' title='bbox 530 4003 644 4070; x_wconf 84' lang='lat' dir='ltr'>apparet</span> <span class='ocrx_word' id='word_1_307' title='bbox 660 4002 744 4070; x_wconf 75' lang='lat' dir='ltr'>uulgo</span> <span class='ocrx_word' id='word_1_308' title='bbox 799 4001 832 4053; x_wconf 95' lang='grc'>21</span> <span class='ocrx_word' id='word_1_309' title='bbox 853 4005 983 4069; x_wconf 86' lang='lat' dir='ltr'>reputans</span> <span class='ocrx_word' id='word_1_310' title='bbox 996 4000 1061 4068; x_wconf 78' lang='lat' dir='ltr'>Enp</span> <span class='ocrx_word' id='word_1_311' title='bbox 1081 4002 1220 4069; x_wconf 86' lang='lat' dir='ltr'>(apparere</span> <span class='ocrx_word' id='word_1_312' title='bbox 1235 4016 1258 4053; x_wconf 92' lang='lat' dir='ltr'>c.</span> <span class='ocrx_word' id='word_1_313' title='bbox 1267 4004 1343 4067; x_wconf 76' lang='lat' dir='ltr'>port.</span> 
     </span>
     <span class='ocr_line' id='line_1_35' title="bbox 193 4087 1343 4158; baseline -0.006 -11"><span class='ocrx_word' id='word_1_314' title='bbox 193 4097 326 4146; x_wconf 67' lang='lat' dir='ltr'>mudena</span> <span class='ocrx_word' id='word_1_315' title='bbox 343 4095 377 4145; x_wconf 79' lang='lat' dir='ltr'>ut</span> <span class='ocrx_word' id='word_1_316' title='bbox 397 4093 444 4158; x_wconf 84' lang='lat'>69,</span> <span class='ocrx_word' id='word_1_317' title='bbox 463 4093 500 4144; x_wconf 82' lang='lat'>17</span> <span class='ocrx_word' id='word_1_318' title='bbox 518 4087 691 4143; x_wconf 81' lang='lat' dir='ltr'>manifestum</span> <span class='ocrx_word' id='word_1_319' title='bbox 712 4091 795 4152; x_wconf 76' lang='lat' dir='ltr'>esset:</span> <span class='ocrx_word' id='word_1_320' title='bbox 815 4089 949 4158; x_wconf 83' lang='lat' dir='ltr'>reputatio</span> <span class='ocrx_word' id='word_1_321' title='bbox 967 4087 1009 4153; x_wconf 88' lang='lat' dir='ltr'>M,</span> <span class='ocrx_word' id='word_1_322' title='bbox 1028 4087 1149 4156; x_wconf 89' lang='lat' dir='ltr'>reputari</span> <span class='ocrx_word' id='word_1_323' title='bbox 1162 4087 1198 4148; x_wconf 86' lang='lat' dir='ltr'>R.</span> <span class='ocrx_word' id='word_1_324' title='bbox 1217 4091 1343 4157; x_wconf 82' lang='lat' dir='ltr'>reputare</span> 
     </span>
     <span class='ocr_line' id='line_1_36' title="bbox 199 4175 1343 4248; baseline -0.006 -14"><span class='ocrx_word' id='word_1_325' title='bbox 199 4179 253 4236; x_wconf 81' lang='lat' dir='ltr'>Urs</span> <span class='ocrx_word' id='word_1_326' title='bbox 306 4181 340 4234; x_wconf 82' lang='lat'>22</span> <span class='ocrx_word' id='word_1_327' title='bbox 360 4181 412 4233; x_wconf 84' lang='lat' dir='ltr'>iarn</span> <span class='ocrx_word' id='word_1_328' title='bbox 431 4179 565 4248; x_wconf 85' lang='lat' dir='ltr'>&lt;in&gt;iecit</span> <span class='ocrx_word' id='word_1_329' title='bbox 578 4178 647 4247; x_wconf 77' lang='lat' dir='ltr'>Rip:</span> <span class='ocrx_word' id='word_1_330' title='bbox 665 4178 718 4232; x_wconf 87' lang='lat' dir='ltr'>iam</span> <span class='ocrx_word' id='word_1_331' title='bbox 738 4177 805 4232; x_wconf 87' lang='lat' dir='ltr'>fecit</span> <span class='ocrx_word' id='word_1_332' title='bbox 818 4177 889 4244; x_wconf 88' lang='lat' dir='ltr'>MR,</span> <span class='ocrx_word' id='word_1_333' title='bbox 908 4176 1004 4230; x_wconf 83' lang='lat' dir='ltr'>iniecit</span> <span class='ocrx_word' id='word_1_334' title='bbox 1021 4175 1081 4241; x_wconf 84' lang='lat' dir='ltr'>Ure,</span> <span class='ocrx_word' id='word_1_335' title='bbox 1101 4193 1178 4229; x_wconf 84' lang='lat' dir='ltr'>auam</span> <span class='ocrx_word' id='word_1_336' title='bbox 1192 4175 1259 4230; x_wconf 83' lang='lat' dir='ltr'>fecit</span> <span class='ocrx_word' id='word_1_337' title='bbox 1271 4176 1343 4229; x_wconf 87' lang='lat' dir='ltr'>Pom</span> 
     </span>
     <span class='ocr_line' id='line_1_37' title="bbox 195 4264 545 4331; baseline 0 -9"><span class='ocrx_word' id='word_1_338' title='bbox 195 4269 229 4325; x_wconf 82' lang='lat'>23</span> <span class='ocrx_word' id='word_1_339' title='bbox 249 4273 291 4324; x_wconf 86' lang='lat' dir='ltr'>est</span> <span class='ocrx_word' id='word_1_340' title='bbox 310 4269 381 4324; x_wconf 89' lang='lat' dir='ltr'>enim</span> <span class='ocrx_word' id='word_1_341' title='bbox 394 4264 436 4331; x_wconf 90' lang='lat' dir='ltr'>M,</span> <span class='ocrx_word' id='word_1_342' title='bbox 458 4272 498 4322; x_wconf 88' lang='lat' dir='ltr'>est</span> <span class='ocrx_word' id='word_1_343' title='bbox 517 4267 545 4322; x_wconf 88' lang='lat' dir='ltr'><em>R</em></span> 
     </span>
    </p>
   </div>
   <div class='ocr_carea' id='block_1_5' title="bbox 0 0 1630 4959">
    <p class='ocr_par' dir='ltr' id='par_1_5' title="bbox 0 0 1630 4959">
     <span class='ocr_line' id='line_1_38' title="bbox 0 0 1630 4959; baseline 0 0"><span class='ocrx_word' id='word_1_344' title='bbox 0 0 1630 4959; x_wconf 95' lang='lat' dir='ltr'> </span> 
     </span>
    </p>
   </div>
  </div>
 </body>
</html>
