3250 4959
347 371 411 434 346
569 365 689 432 Quinti
707 367 850 437 Septimi
870 365 1042 420 Florentia
1060 365 1266 420 Tertulliani

344 561 520 646 recogitata
553 560 730 624 differentia
761 579 818 624 nec
856 565 966 624 curata
1001 559 1194 644 proprietate
1230 560 1399 625 uerborum
1438 581 1491 644 pro

345 667 462 732 adflatu
482 666 630 748 spiritum
649 672 772 748 ponunt
790 669 823 730 at
842 667 917 731 dant
934 667 1100 731 haereticis
1124 666 1323 731 occasionem
1347 667 1492 748 spiritum

346 773 396 838 dei
425 773 541 840 delicto
569 773 759 838 infuscandi.
792 774 827 837 id
854 775 905 838 est
927 773 1032 857 ipsum
1057 773 1162 838 deum.
1201 781 1233 837 et
1255 778 1408 854 usurpata
1430 773 1492 838 iam

345 880 490 962 quaestio
515 883 572 945 est
609 881 762 963 intellege
790 881 899 962 itaque
922 879 1072 944 adflatum
1096 881 1248 944 minorem
1273 880 1390 962 spiritu
1413 897 1492 945 esse.

345 991 383 1051 ut
401 988 544 1052 aurulam
565 987 645 1065 eius,
665 989 698 1050 et
720 987 748 1051 si
768 987 806 1050 da
831 986 947 1070 spiritu
971 986 1097 1061 accidit,
1122 1005 1181 1050 non
1206 991 1310 1051 tamen
1336 987 1491 1070 spiritum.
1522 1009 1535 1046 s

344 1112 417 1156 uam
446 1096 479 1157 et
506 1112 583 1158 aura
611 1096 707 1157 uento
737 1093 845 1171 rarior,
874 1095 906 1157 et
934 1093 962 1157 si
986 1093 1023 1157 de
1051 1096 1147 1158 uento
1180 1113 1265 1168 aura,
1303 1097 1492 1157 nontamen

345 1203 472 1264 uentus.
508 1197 607 1288 [aura]
637 1200 723 1282 capit
751 1202 847 1265 etiam
876 1199 1047 1283 imaginem
1080 1199 1212 1284 spiritus
1240 1200 1346 1264 dicere
1375 1199 1491 1263 flatum.

345 1325 418 1370 nam
446 1310 478 1370 et
503 1306 575 1371 ideo
604 1307 699 1371 bomo
728 1306 833 1389 imago
867 1306 929 1382 dei,
962 1306 995 1371 id
1028 1309 1079 1370 est
1108 1307 1255 1387 spiritum
1298 1307 1378 1370 deus
1412 1307 1490 1370 enim

345 1412 488 1495 spiritus.
516 1413 623 1498 imago
648 1432 722 1496 ergo
748 1413 882 1496 spiritns
905 1413 1009 1478 flatus.
1032 1432 1125 1496 porro
1149 1415 1255 1496 imago
1280 1414 1411 1478 ueritati
1435 1431 1490 1476 non

344 1538 573 1601 usquequaque
588 1519 826 1602 adaequabitur.
852 1520 939 1584 aliud
958 1523 1008 1584 est
1026 1521 1109 1584 enim
1130 1520 1305 1584 secundum
1324 1521 1488 1585 uenator
1509 1543 1533 1578 n·

344 1645 426 1702 esse,
455 1626 544 1690 aliud
567 1627 669 1707 ipsam
693 1627 863 1691 ueritatem
888 1645 967 1691 esse.
991 1627 1038 1691 sic
1062 1633 1095 1691 et
1118 1626 1264 1693 adflatus.
1289 1645 1361 1691 cnm
1387 1627 1489 1710 imago

345 1733 389 1796 sit
413 1732 556 1815 spiritus,
581 1752 640 1796 non
664 1736 773 1813 potest
795 1735 841 1798 ita
863 1734 1033 1818 imaginem
1057 1734 1108 1797 dei
1132 1752 1322 1815 comparare,
1352 1738 1398 1813 ut,
1422 1735 1491 1816 quia

344 1839 474 1916 ueritas,
502 1839 536 1903 id
561 1842 611 1904 est
633 1839 775 1921 spiritus,
804 1840 838 1903 id
863 1844 912 1904 ost
936 1840 1023 1917 deus,
1049 1841 1116 1905 sine
1141 1839 1258 1904 delicto
1283 1843 1342 1916 est,
1367 1840 1440 1904 ideo
1462 1850 1491 1903 et
1613 1870 1614 1962 p

343 1945 461 2029 imago,
486 1947 518 2011 id
543 1951 593 2010 est
616 1945 764 2021 adflatus,
786 1947 836 2028 <id
857 1950 907 2010 est
924 1947 1047 2029 homo>
1070 1965 1132 2012 non
1157 1947 1302 2010 debuerit
1324 1946 1492 2011 admisisse

344 2053 507 2117 delictum.
531 2053 562 2117 in
581 2051 642 2118 hoc
666 2053 726 2116 erit
748 2053 854 2136 imago
878 2053 981 2118 minor
1003 2055 1138 2118 ueritate
1163 2059 1195 2118 et
1217 2053 1353 2118 adflatus
1378 2054 1534 2135 spiritura
1613 2077 1614 2090 ¹

343 2159 485 2236 inferior,
509 2159 627 2224 babens
646 2159 719 2224 illas
737 2161 850 2242 utique
873 2160 972 2224 lineas
997 2160 1057 2238 dei,
1079 2180 1142 2243 qua
1158 2161 1347 2234 inmortalis,
1369 2157 1493 2246 lanima}

344 2283 407 2345 qua
429 2265 528 2329 libera
551 2269 583 2329 et
606 2266 656 2331 sui
680 2265 811 2341 arbitrii,
843 2285 905 2347 qna
927 2268 1069 2348 praescia
1092 2269 1290 2350 plerumque,
1313 2286 1378 2349 qua
1400 2267 1494 2332 ratio·

344 2371 435 2448 nalis,
467 2390 561 2454 capax
590 2372 774 2436 intellectus
804 2376 836 2436 ct
865 2373 1025 2450 scientiae,
1056 2377 1161 2437 tamen
1190 2375 1275 2436 etin
1305 2373 1356 2436 bis
1386 2373 1492 2457 imago

344 2484 376 2543 et
403 2499 463 2544 non
492 2497 595 2561 usque
623 2478 662 2542 ad
690 2480 793 2560 ipsam
822 2479 888 2542 uim
919 2479 1111 2554 diuinitatis;
1149 2480 1195 2544 sio
1228 2498 1285 2544 neo
1318 2499 1422 2561 usqne
1453 2480 1492 2542 ad

343 2586 559 2668 integritatem
580 2603 599 2647 a
617 2585 744 2661 delicto,
771 2586 845 2667 quia
863 2587 923 2651 hoc
943 2586 1004 2650 soli
1023 2586 1081 2650 deo
1102 2585 1196 2664 cedit,
1221 2586 1254 2650 id
1278 2589 1328 2651 est
1350 2587 1490 2650 ueritati.
1509 2603 1533 2642 ao
1614 2625 1615 2672 ι

344 2696 377 2755 et
395 2693 454 2756 boc
474 2693 579 2757 solum
598 2693 730 2776 imagini
749 2713 811 2757 non
831 2694 914 2757 lieet.
941 2695 1027 2757 siout
1046 2694 1128 2756 euim
1147 2693 1264 2777 imago,
1288 2712 1362 2757 cum
1383 2712 1491 2757 omnes
1614 2677 1615 2688 ἶ

342 2773 442 2862 lineas
472 2798 625 2880 erpn'mat
656 2799 815 2876 ueritatis,
849 2799 882 2862 ni
915 2804 1021 2863 tamen
1054 2799 1124 2880 ipsa
1152 2801 1247 2864 caret.
1280 2817 1342 2864 non
1371 2799 1490 2862 babens

342 2908 475 2982 motum,
504 2904 549 2968 ita
576 2911 609 2969 et
632 2905 746 2982 anima,
774 2906 881 2988 imago
911 2906 1053 2986 spiritus,
1083 2906 1181 2968 solam
1207 2905 1273 2968 uim
1298 2904 1367 2970 eius
1392 2905 1490 2988 expri-

341 3030 426 3074 mere
450 3011 646 3087 conualuit,
670 3011 702 3074 id
726 3016 776 3075 ast
800 3031 861 3075 non
887 3010 1089 3093 delinquendi
1116 3011 1314 3075 felicitatem.
1347 3015 1488 3076 ceterum

340 3137 402 3182 non
427 3123 513 3183 esset
536 3118 650 3194 anima,
675 3118 730 3181 sed
750 3118 892 3201 spiritus,
918 3137 973 3182 nec
996 3118 1090 3182 bomo
1115 3119 1170 3199 qui
1194 3117 1330 3182 animam
1354 3118 1487 3182 sortitus
1506 3137 1530 3172 ει

340 3228 400 3301 est,
425 3225 480 3289 aad
505 3225 592 3288 daus.
630 3228 661 3287 et
685 3225 763 3288 alias
788 3230 894 3288 autem
919 3242 980 3288 non
1005 3242 1107 3305 omne,
1132 3225 1216 3306 quod
1240 3224 1290 3288 dei
1315 3225 1384 3292 erit,
1409 3225 1486 3290 deus

340 3333 517 3401 habebitur,
546 3337 583 3394 ut
607 3331 787 3412 expostules
812 3331 906 3394 deum
931 3337 962 3394 et
987 3330 1147 3406 adflatum,
1179 3331 1210 3394 id
1235 3336 1285 3396 ert
1308 3349 1485 3396 uacuuma

340 3440 468 3516 delicto,
489 3437 627 3520 quindei
648 3438 690 3501 sit
709 3438 853 3502 adflatus.
878 3441 988 3501 noctu
1009 3438 1102 3516 euim,
1124 3439 1200 3502 siin
1220 3439 1330 3502 tibiam
1351 3437 1482 3502 flaueris

375 3649 390 3699 2
410 3647 534 3716 spiritum
553 3645 589 3709 R,
609 3645 753 3714 spirituum
773 3646 837 3699 ΜΡ
893 3647 910 3699 4
929 3646 1026 3715 spiritu
1047 3645 1132 3700 Pam:
1150 3647 1273 3716 spiritum
1294 3645 1356 3700 Mn
1418 3647 1482 3698 but

338 3736 459 3788 aurulam
480 3735 546 3800 eius,
566 3738 600 3786 et
619 3734 645 3785 si
666 3733 698 3786 de
718 3735 815 3803 spiritu
835 3734 935 3787 accidit
957 3735 1068 3802 scripsi:
1092 3736 1143 3788 etsi
1167 3733 1200 3788 de
1219 3735 1317 3804 spiritu
1336 3735 1434 3788 accidit
1453 3739 1482 3786 ut

339 3825 459 3876 aurulam
480 3824 535 3876 eius
549 3821 612 3876 MR
662 3823 885 3876 buente—aura
904 3823 1000 3876 onnF
1048 3825 1148 3877 laura
1166 3825 1264 3877 scalensi
1313 3823 1481 3879 9flatusll1.

337 3913 446 3965 afflatus
465 3913 492 3966 R
556 3912 588 3963 12
609 3912 773 3978 compatiare
795 3912 961 3964 Cineconius
981 3913 1038 3976 (sed
1055 3913 1202 3980 imaginem
1226 3911 1269 3966 dei
1294 3914 1416 3982 intellege
1432 3913 1479 3964 bo-

336 4003 444 4065 nrinern)
493 4002 525 4054 13
544 4000 572 4053 nl
592 4004 634 4052 est
649 3999 714 4052 deus
730 4001 814 4053 deleri
828 4002 890 4054 null
906 4002 969 4070 Eup
1024 4001 1084 4054 ideo
1100 4007 1128 4054 et
1142 4003 1242 4068 imago,
1257 4001 1286 4054 id
1301 4007 1343 4054 est
1357 4001 1480 4057 adflatus,

334 4089 382 4154 <id
402 4095 444 4142 est
462 4089 561 4147 bomo>
578 4090 688 4155 scripsi:
708 4089 769 4141 ideo
790 4096 818 4143 et
837 4091 954 4143 adflatus
973 4089 1001 4142 id
1022 4094 1064 4144 est
1081 4091 1172 4159 imago
1190 4089 1253 4144 MR
1310 4091 1341 4142 14
1361 4089 1481 4144 debuerit

336 4195 387 4233 οιιι,
406 4177 445 4230 Μ
510 4179 542 4232 16
562 4178 768 4230 animneeclnc'
835 4179 869 4231 22
890 4179 1000 4232 ueritati
1019 4179 1059 4231 sui
1078 4177 1116 4231 M
1181 4179 1216 4232 24
1235 4177 1392 4232 felicitatem
1412 4175 1480 4234 MR.

335 4267 492 4320 facultatem
512 4267 582 4318 Pom
638 4267 672 4319 ‘25
692 4283 740 4319 nec
759 4268 925 4320 bomo—sed
945 4267 1010 4320 daus
1030 4283 1080 4322 om.
1101 4267 1131 4320 F
