3250 4959
283 414 314 484 x
741 410 957 468 Praefatio.

283 627 346 695 quo
370 610 509 689 saeculo,
537 629 641 695 aquo
660 610 735 677 uiro
760 610 803 677 sit
827 612 1010 695 congestus,
1038 606 1161 684 dubito,
1192 624 1270 672 num
1291 620 1431 686 unquam

282 717 453 801 quisquam
467 716 511 783 sit
527 716 746 803 indagaturus.
766 716 800 783 id
819 716 947 800 quidem
965 734 1022 798 pro
1040 717 1127 781 certo
1145 714 1255 797 potest
1270 709 1431 786 affirmari,

282 822 323 903 ei,
341 822 397 908 qui
415 822 576 891 laudabile
593 824 655 890 boc
674 824 839 909 negotium
857 822 1012 907 suscepit,
1030 820 1179 888 notitiam
1195 819 1297 885 fuisse
1309 817 1429 883 nullam

281 948 384 1014 neque
405 928 493 997 illius
517 930 658 1015 corporis
676 928 894 1009 Tertullianei,
913 928 999 1013 quod
1017 932 1206 1014 congestum
1224 927 1379 994 habemus
1397 926 1430 991 in

281 1036 590 1123 codice-Agebardi,
619 1036 761 1121 episcopi
788 1036 1022 1121 Lugdunensis,
1052 1053 1154 1119 neque
1176 1033 1309 1100 minoris
1330 1033 1429 1112 illius,

215 1156 218 1163 '
281 1161 319 1210 cx
341 1159 405 1227 quo
427 1143 646 1211 instruxerunt
669 1144 825 1210 editiones
848 1159 924 1208 suas
941 1137 1102 1208 Martinus
1119 1140 1264 1208 Metuant
1279 1143 1313 1206 et
1330 1138 1431 1225 Sigis-

280 1244 420 1317 mundus
440 1250 602 1319 Gelenius.
627 1250 765 1318 dubitari
787 1250 872 1317 enim
894 1251 1016 1335 nequit,
1039 1250 1126 1334 quin,
1149 1249 1179 1315 si
1199 1248 1346 1314 uouisset
1360 1246 1428 1326 illa,

280 1358 338 1422 aut
356 1373 466 1423 omnes
485 1358 590 1441 quiin
613 1358 680 1424 illis
703 1357 890 1441 corporibus
913 1356 1080 1425 exstabant
1099 1355 1174 1422 libri
1191 1354 1380 1421 Tertulliani
1395 1356 1428 1419 in

279 1480 375 1529 suum
399 1482 514 1549 corpus
536 1464 634 1531 luerit
652 1468 840 1548 recepturus
863 1466 921 1530 aut
941 1463 1081 1541 nullum;
1101 1481 1118 1529 e
1141 1462 1258 1546 quibus
1279 1465 1428 1528 neumam

278 1568 427 1636 uidemus
449 1569 580 1637 iactum.
609 1568 792 1638 Gallicanae
820 1574 928 1638 autem
955 1569 1111 1636 ecclesiae
1132 1587 1192 1635 nos
1214 1568 1329 1635 debere
1350 1567 1428 1633 hacc

278 1676 340 1741 tria
372 1694 513 1761 corpora,
545 1679 607 1745 etsi
638 1681 809 1761 procerte
838 1676 946 1745 haberi
967 1697 1030 1744 non
1052 1680 1170 1761 potest,
1203 1678 1335 1742 osteum
1357 1692 1426 1760 per-

278 1802 412 1851 suasum
434 1784 633 1863 habebimus,
662 1786 738 1852 dum
762 1786 858 1852 certis
879 1786 1057 1853 rationibus
1079 1783 1350 1851 demonstrabitur
1371 1783 1427 1849 ali·

278 1890 362 1958 unde
394 1911 432 1959 ca
457 1891 490 1957 in
514 1890 653 1960 Galliam
679 1892 835 1959 translata
857 1912 939 1959 esse.
963 1896 1104 1960 cetemm
1126 1893 1160 1958 in
1182 1891 1277 1957 ltalia
1299 1909 1337 1957 ea
1358 1894 1427 1957 orta

281 2013 352 2097 esse
391 1998 540 2082 equidem
584 1997 670 2065 baud
711 2000 806 2067 facile
847 1999 1046 2066 crediderim.
1086 1998 1155 2064 illic
1191 1998 1276 2063 euim
1312 1996 1434 2064 Gelasii

280 2102 441 2186 pontificis
466 2104 629 2172 decretum
652 2108 790 2172 tantum
806 2106 951 2173 ualuisse
976 2106 1041 2171 iam
1069 2106 1235 2193 cognitum
1266 2104 1432 2183 babemus,

280 2216 319 2274 nt
340 2226 471 2292 prorsus
495 2212 598 2278 omnis
621 2210 688 2279 illic
711 2213 818 2279 deleta
840 2212 886 2279 sit
906 2209 1095 2279 Tertulliani
1111 2212 1275 2280 memoria.
1298 2216 1431 2278 cunctos

281 2314 365 2381 enim
388 2316 444 2400 qui
467 2316 498 2383 in
522 2317 726 2385 bibliothecis
748 2318 841 2385 Italis
864 2322 1071 2386 assemantur
1096 2320 1223 2388 codices
1245 2317 1433 2385 Tertulliani

280 2420 443 2489 deriuatos
462 2442 533 2491 esse
557 2443 593 2491 er
616 2426 741 2493 duobus
764 2426 832 2492 illis
848 2426 1041 2494 florentinis
1058 2426 1099 2493 N
1116 2431 1149 2495 et
1165 2426 1238 2493 Fe
1260 2425 1432 2494 Germania

278 2532 313 2594 ct
328 2528 570 2597 (lalliasaecnlo
585 2533 695 2615 quinto
713 2532 836 2601 decimo
852 2552 889 2600 eo
907 2534 1085 2619 apportatis
1102 2552 1204 2618 nuper
1220 2532 1430 2619 docuimus.¹)

322 2635 372 2702 Ad
408 2632 611 2704 iudicandam
647 2642 755 2707 autem
791 2640 933 2726 corporis
970 2640 1189 2709 cluniacensis
1220 2640 1361 2707 indolem
1393 2658 1430 2706 ac

277 2746 423 2809 naturam
456 2744 574 2810 summi
605 2746 674 2811 fore
706 2748 861 2814 momenti
892 2766 966 2815 cum
997 2766 1186 2832 persuasum
1214 2747 1374 2826 haberem,
1401 2746 1430 2812 si

277 2866 512 2934 cognoscerem,
535 2870 616 2935 quae
639 2852 719 2919 ratio
743 2852 954 2923 intercederet
968 2854 1053 2921 inter
1068 2854 1265 2941 Agobardini
1282 2854 1429 2921 lectionis

276 2956 462 3023 memoriam
483 2960 517 3021 et
535 2958 656 3024 saeculi
674 2959 836 3026 undecimi
855 2960 1011 3039 codicum,
1030 2961 1063 3026 in
1082 2961 1340 3027 commentariolo
1357 2980 1428 3029 meo

276 3078 374 3145 supra
390 3064 554 3129 nominato
577 3062 623 3153 (p.
649 3066 794 3151 16-34)
817 3067 899 3134 duos
921 3068 981 3134 bos
1002 3066 1235 3135 Tertullianeae
1257 3068 1428 3135 memoriae

275 3170 376 3235 testes
398 3168 482 3234 inter
505 3187 539 3235 se
564 3173 756 3256 comparaui,
784 3174 818 3239 in
842 3192 971 3241 examen
1001 3174 1127 3242 uocatis
1158 3173 1234 3241 libri
1264 3174 1303 3243 dc
1334 3194 1429 3240 omae

277 3271 400 3341 Oba-ist
423 3275 581 3360 capitibus
604 3278 756 3367 I—X1,¹)
780 3299 876 3364 quem
893 3282 1013 3349 librum
1031 3280 1136 3350 solum
1154 3282 1187 3347 in
1206 3285 1342 3366 utroque
1359 3299 1425 3346 cor-

273 3518 420 3575 bcirncnsis
438 3521 542 3577 saeculi
555 3522 580 3577 X
592 3522 715 3594 (Becker,
731 3522 864 3597 Octolopi
876 3526 987 3598 entend
999 3526 1044 3591 37,
1059 3526 1113 3582 820
1126 3528 1155 3581 ct
1165 3524 1233 3595 ³213
1251 3524 1305 3582 ast
1320 3528 1349 3580 et
1360 3523 1422 3580 386.

272 3607 310 3677 os.
327 3608 404 3678 Mai,
422 3608 496 3681 Epic.
516 3611 596 3667 Rom.
616 3612 640 3667 V
660 3612 734 3681 186):
752 3612 837 3669 roos
857 3614 1029 3671 uacuare·
1040 3614 1210 3686 presbyteri:
1231 3613 1266 3669 ds
1283 3614 1426 3684 patientia

273 3695 322 3755 lob.
340 3698 369 3767 I,
388 3698 422 3754 de
439 3701 535 3755 emis
551 3702 749 3757 samarticas
766 3702 816 3759 lab.
833 3705 863 3772 I,
882 3704 949 3761 oda.
966 3704 1142 3759 Marsicam
1163 3704 1211 3759 tab.
1235 3703 1268 3773 V,
1286 3702 1320 3758 dc
1342 3718 1426 3758 corne

275 3785 380 3841 mres
402 3787 450 3843 ze.
468 3790 491 3844 1
508 3790 541 3845 a·
562 3807 620 3847 m
643 3791 740 3847 ocos
765 3792 877 3849 aenne:
901 3794 970 3849 soe
990 3792 1161 3848 remense
1177 3792 1345 3865 motai,-
1361 3793 1425 3857 aas

273 3875 349 3931 alius
376 3877 445 3933 tiber
471 3878 649 3938 Tertutb'oua'.
682 3880 810 3953 denique:
838 3884 903 3938 imm
930 3883 997 3938 iibri
1023 3882 1200 3939 Tertulliani.
1233 3881 1353 3938 dubitari
1380 3883 1425 3935 uix

271 3966 374 4034 potest,
398 3966 464 4035 quin
489 3966 558 4022 baec
580 3970 638 4023 sint
660 3971 779 4041 corperis
802 3971 889 4026 nostri
911 3958 1185 4041 membra'disiectm
1203 3970 1251 4026 sed
1270 3970 1371 4026 certius
1390 3967 1423 4023 de

272 4050 323 4107 bac
341 4070 371 4108 re
389 4054 510 4110 iudicare
530 4057 599 4112 exile
617 4060 737 4131 catalogi
756 4058 865 4115 dicendi
882 4076 969 4130 genus
988 4062 1074 4116 uetat

317 4140 338 4211 ¹)
357 4142 392 4198 cf.
412 4147 662 4203 commentariolum
680 4166 769 4203 meum
788 4148 845 4204 Die
865 4138 1250 4221 Tmolitae-Ubarlicfmg
1267 4148 1300 4202 ies
1317 4146 1423 4201 Italics

271 4231 300 4285 ln
319 4231 380 4285 sca
398 4230 482 4287 dead.
502 4232 583 4293 vind.
602 4239 668 4290 tom.
688 4236 860 4292 CXXXVIII.
878 4236 1057 4292 vindobonae
1076 4238 1155 4296 1898.

315 4318 337 4387 ²)
356 4318 469 4377 liutilus
489 4326 533 4379 est
551 4318 580 4380 in
599 4326 691 4382 codice
709 4325 886 4397 Agebardino
904 4325 951 4383 bic
968 4327 1046 4383 liber.
