3250 4959
325 433 390 495 386
563 426 680 493 Quinti
700 426 841 497 Septimi
860 427 1033 481 Florentia
1051 426 1258 480 Tertulliani

323 628 425 687 torem
458 627 490 687 et
523 624 764 694 destructorem,
798 622 984 687 deduxerint
1015 622 1046 685 in
1079 621 1233 686 iudicium
1260 626 1294 686 et
1322 641 1381 686 suo
1409 622 1473 686 iure

323 731 494 813 punierint,
519 730 657 794 alienum
687 731 812 794 seilicet
834 749 895 793 nou
919 729 1097 793 iudicaturi.
1121 732 1210 793 tauto
1235 730 1338 805 abest,
1364 733 1399 793 ut
1421 731 1472 793 ali·

324 856 418 901 enum
444 836 606 902 Christum
636 837 832 900 intellexisse
862 836 1032 900 uideantur
1059 835 1113 917 qui
1137 854 1194 899 nec
1217 836 1381 900 hominem
1409 838 1473 901 eins

322 950 359 1007 ut
383 944 521 1008 alienum
545 944 776 1008 iudicauerunt.
1139 1017 1143 1025 ,

369 1052 396 1115 7.
426 1050 538 1114 Discat
564 1070 648 1114 nunc
676 1048 854 1114 haereticus
882 1068 918 1113 ex
951 1050 1123 1113 abundanti
1155 1069 1228 1113 cum
1261 1050 1333 1133 ipso
1367 1050 1508 1114 licebita

321 1156 438 1221 Iudaeo
462 1158 617 1221 rationem
642 1174 766 1239 quoque
791 1176 932 1220 errorum
956 1157 1036 1232 eius,
1063 1174 1166 1238 aquo
1192 1157 1344 1220 ducatum
1369 1161 1471 1221 mutu-

321 1272 394 1327 atus
413 1264 445 1327 in
465 1264 525 1327 hac
545 1264 831 1347 argumentatione,
852 1282 964 1327 caecus
984 1282 1003 1326 a
1021 1281 1126 1338 caeco,
1150 1264 1182 1326 in
1203 1262 1336 1326 eandem
1356 1263 1471 1327 desidit

320 1372 457 1436 foueam.
483 1372 563 1436 duos
583 1372 720 1434 dicimus
738 1371 856 1436 Christi
875 1371 1003 1435 habitus
1023 1390 1041 1434 a
1059 1369 1223 1452 prophetis
1239 1370 1471 1435 demonstratos

320 1478 454 1542 totidem
474 1478 631 1541 aduentus
652 1476 720 1541 eius
741 1480 957 1559 praenotasse:
982 1477 1126 1541 nnumin
1146 1477 1339 1554 humilitate,
1361 1480 1470 1561 utique

319 1584 466 1665 primum,
494 1602 566 1648 curn
594 1588 757 1665 tamquam
787 1585 858 1647 ouis
887 1583 926 1647 ad
952 1584 1118 1647 uictimam
1142 1582 1255 1647 deduci
1278 1583 1420 1649 habebat
1440 1592 1469 1649 et
1488 1604 1508 1641 n

318 1694 481 1772 tamquam
505 1710 607 1774 agnus
636 1694 707 1753 ante
736 1691 919 1755 tondentem
947 1692 1014 1755 sine
1041 1709 1131 1755 uoce.
1163 1690 1209 1754 ita
1236 1709 1296 1754 nou
1326 1694 1469 1775 aperiens

320 1816 365 1861 os.
382 1818 420 1861 ne
436 1803 568 1880 aspectu
584 1796 712 1881 quidem
727 1798 890 1863 honestus.
915 1797 1224 1863 adnuntiauimus
1243 1797 1339 1865 enirn.
1356 1799 1468 1881 inquit.

319 1904 362 1968 de
387 1904 470 1969 illo:
502 1906 603 1969 sicut
626 1906 822 1987 puerulus,
852 1905 955 1969 sicut
982 1904 1085 1967 radix
1113 1903 1148 1967 in
1176 1908 1278 1967 terra
1300 1904 1468 1969 sitienti.

319 2016 355 2074 et
377 2030 446 2075 non
467 2015 525 2076 est
545 2011 691 2093 species
716 2013 798 2075 eius
823 2030 943 2093 neque
967 2012 1099 2095 gloria,
1124 2014 1161 2075 et
1184 2009 1350 2075 uidimus
1377 2030 1467 2076 eum.

319 2123 354 2181 ot
383 2136 452 2181 nou
481 2118 645 2182 habebat
669 2118 833 2200 speciem
862 2136 981 2199 neque
1010 2118 1191 2194 decorem,
1221 2118 1285 2181 scd
1314 2120 1464 2199 species
1484 2124 1505 2165 ¹⁵

317 2226 399 2289 eins
422 2226 659 2301 inhonorata,
685 2225 871 2289 deficiens
892 2226 989 2288 eitra
1006 2224 1113 2290 filios
1133 2224 1335 2299 hominum,
1360 2227 1465 2291 homo

316 2332 350 2394 in
376 2332 487 2415 plaga
512 2336 549 2395 et
573 2333 698 2396 sciens
726 2333 821 2396 serre
840 2332 1117 2409 infirmitatem,
1141 2336 1178 2395 ut
1196 2334 1322 2414 positus
1341 2352 1361 2396 a
1379 2339 1465 2415 patre

314 2438 345 2501 in
380 2438 517 2519 lapidem
548 2439 729 2503 offensionis
759 2442 791 2503 et
819 2442 938 2520 petram
973 2438 1124 2517 scandali,
1157 2438 1331 2502 minoratus
1361 2440 1401 2503 ab
1429 2460 1464 2504 eo

315 2544 475 2609 modicum
501 2545 580 2609 citra
603 2546 742 2628 angelos,
768 2565 909 2609 uermem
933 2566 966 2610 se
990 2546 1196 2629 pronuntians
1223 2551 1256 2610 et
1278 2566 1339 2611 non
1365 2546 1464 2612 homi·

315 2670 398 2716 nem.
426 2650 632 2735 ignominiam
660 2651 797 2715 hominis
822 2658 854 2716 et
875 2652 1091 2716 nullificamen
1118 2652 1239 2735 populi.
1268 2672 1349 2735 quae
1377 2654 1505 2738 igno-n

313 2757 448 2822 bilitatis
477 2763 661 2841 argumenta
683 2758 784 2840 primo
812 2759 964 2822 aduentui
991 2763 1176 2841 competunt
1204 2759 1290 2824 sicut
1317 2759 1462 2824 sublimi-

313 2866 389 2927 tatis
422 2866 569 2944 secundo,
603 2884 675 2928 cum
704 2864 759 2928 fiet
785 2865 848 2927 iam
878 2884 939 2930 nou
966 2866 1048 2948 lapis
1078 2866 1259 2931 offensionis
1287 2884 1345 2929 nec
1373 2871 1463 2949 petra

313 2970 464 3047 scandali,
508 2972 563 3035 sed
599 2972 680 3054 lapis
719 2991 864 3036 summus
902 2972 1062 3055 angularis
1099 2977 1173 3056 post
1207 2973 1460 3053 reprobationem

312 3077 500 3159 adsumptus
524 3084 557 3142 et
575 3079 767 3142 sublimatus
786 3079 818 3141 in
838 3080 1140 3144 consummat-ionem
1159 3079 1283 3162 templi,
1306 3080 1461 3145 ecclesiae

312 3183 443 3259 scilicet,
464 3190 496 3248 et
513 3189 602 3267 petra
626 3204 701 3248 saue
725 3184 781 3249 illa
803 3186 888 3266 apud
906 3186 1092 3250 Danihelem
1113 3186 1151 3249 de
1174 3190 1281 3250 moute
1305 3188 1458 3269 praecisa.
1475 3196 1500 3234 ὓ

311 3310 390 3373 quoe
414 3290 585 3375 imaginem
611 3292 820 3355 saecularium
842 3312 1011 3377 regnorum
1036 3294 1230 3358 comminuet
1253 3298 1284 3356 et
1307 3299 1459 3357 conteret.

311 3396 349 3459 de
370 3415 431 3477 quo
451 3398 588 3461 aduentu
608 3398 693 3460 idem
713 3400 897 3481 prophetes:
916 3405 952 3463 et
972 3419 1056 3463 ecce
1076 3419 1156 3463 enm
1176 3400 1340 3465 nubibus
1360 3401 1456 3464 caeli

309 3507 496 3585 tamquam
521 3504 629 3568 silius
653 3505 817 3571 hominis
840 3507 995 3571 ueniens
1021 3508 1124 3571 uenit
1147 3526 1265 3589 usque
1290 3507 1333 3571 ad
1357 3512 1458 3572 uete—

399 3679 513 3738 5-3su
535 3680 578 3748 19]
601 3680 633 3733 ci.
654 3679 714 3733 adu
735 3680 850 3735 ludaeos
871 3700 928 3751 cap.
950 3683 990 3735 14.
1046 3684 1074 3751 'il
1096 3683 1128 3736 cs.
1148 3683 1245 3737 nauh.
1266 3684 1308 3739 15.
1325 3686 1369 3743 14:
1391 3684 1456 3739 Luc.

308 3768 395 3822 uae.
463 3768 578 3836 10-121
600 3770 633 3823 cf.
653 3770 696 3821 Es.
717 3772 759 3829 53,
780 3772 803 3823 7.
875 3772 919 3839 121
940 3772 974 3823 cs.
993 3772 1037 3824 Ea.
1057 3774 1100 3837 53,
1119 3774 1144 3825 2.
1164 3774 1190 3825 3.
1259 3773 1304 3842 17]
1324 3774 1358 3828 cf.
1378 3774 1454 3829 Rom.

250 3868 253 3875 ·
308 3854 1001 3921 scarponnam.ct.l:s.28.1628‚14,
1063 3862 1108 3930 18]
1125 3861 1158 3913 ci.
1173 3862 1217 3915 Pe.
1232 3864 1258 3922 8.
1272 3864 1298 3917 6.
1357 3866 1402 3933 19}
1420 3864 1454 3919 ci.

307 3944 350 3996 I's.
371 3945 413 4003 al,
436 3946 459 3997 7.
515 3946 559 4015 23]
581 3946 612 4001 ci.
629 3946 675 3999 Es.
691 3947 734 4014 28,
757 3948 801 4013 16,
821 3948 865 4000 Ps.
882 3949 942 4003 117.
962 3950 1011 4013 ⁴22;
1028 3950 1097 4019 Epir.
1113 3954 1138 4012 2,
1153 3952 1201 4014 213
1217 3952 1231 4004 Ι
1245 3953 1317 4007 Petr.
1333 3954 1358 4020 2,
1373 3956 1453 4008 4-6.

307 4034 352 4101 ‘ltl
375 4034 443 4086 llari.
464 4036 487 4101 ἵ,
510 4036 550 4087 13.
572 4038 612 4087 14.

343 4140 358 4189 -i
379 4138 465 4191 discat
486 4140 581 4202 MRF,
602 4140 674 4194 dicat
694 4141 732 4195 12¹
805 4143 899 4196 abunti
919 4144 955 4195 M
1008 4147 1023 4198 i
1044 4143 1147 4200 decidit
1166 4146 1247 4213 MR¹‚
1267 4146 1401 4202 deductus
1415 4150 1455 4203 13³

305 4228 321 4279 9
341 4227 456 4281 totidem
476 4246 526 4285 oar.
547 4230 576 4283 κ’
648 4232 679 4283 12
700 4248 728 4283 os
748 4232 817 4295 MR,
837 4236 984 4300 coffinum}
1002 4234 1073 4287 Pam
1146 4252 1179 4289 ne
1199 4237 1266 4303 MR,
1285 4254 1334 4291 nec
1352 4238 1451 4293 FPam

305 4318 338 4369 ‘27
360 4316 478 4371 aduentu
498 4320 566 4373 ΜΗ.
586 4321 742 4387 <sccund0>
761 4322 883 4375 aduentu
902 4324 973 4376 Pom
