3250 4959
395 343 456 396 Vll.
475 342 645 397 Aduersus
663 343 862 398 Marcionem
883 343 929 397 lib.
948 344 975 397 11
996 345 1074 398 7-9.
1247 349 1310 412 345

162 557 252 601 mam
272 538 391 614 uiuam,
414 543 499 603 recte
522 559 598 603 uero
623 540 731 604 uiuere
756 540 971 618 demandarat,
990 540 1151 605 admonito
1176 541 1206 606 in
1231 541 1311 623 legis

161 644 368 726 obsequium.
391 645 437 709 ita
455 665 515 709 non
533 647 565 709 in
586 651 719 711 mortem
738 647 921 712 institutum
941 648 1100 712 hominem
1120 648 1233 730 probat
1257 647 1311 728 qui

160 753 230 835 (et)
248 771 332 818 nunc
351 754 440 836 cupit
456 755 487 818 in
504 754 601 818 uitam
616 755 814 831 restitutum,
829 757 950 819 malens
964 755 1140 837 peccatoris
1154 754 1311 836 paeniten-

160 861 243 924 tiam
273 880 367 942 quam
397 865 541 925 mortem.
579 861 679 945 igitur
705 862 790 926 sicut
817 860 894 927 deus
924 862 1042 925 homini
1076 863 1162 926 uitae
1191 865 1310 925 statum

123 965 300 1042 sinduxit
323 966 369 1029 ita
387 966 482 1030 homo
502 967 563 1030 sibi
582 968 696 1032 mortis
719 971 839 1032 statum
864 968 1007 1046 adtraxit,
1034 971 1066 1031 et
1088 969 1147 1032 hoc
1172 987 1231 1032 nou
1257 987 1312 1050 per

159 1073 393 1150 infirmitatem,
412 1074 508 1138 sicuti
527 1092 584 1138 nec
604 1094 658 1157 per
677 1075 897 1158 ignorantiam,
917 1094 955 1139 nc
975 1075 1050 1157 quid
1070 1075 1191 1139 auctori
1209 1075 1311 1155 impu·

159 1183 296 1244 taretur.
342 1199 414 1244 nam
447 1181 508 1244 etsi
541 1184 673 1266 angelus
706 1182 760 1264 qui
793 1182 928 1254 seduxit,
967 1181 1022 1246 sed
1054 1182 1134 1246 liber
1172 1185 1203 1246 et
1235 1201 1311 1246 suae

161 1287 337 1369 potestatis
358 1289 411 1370 qui
431 1288 582 1352 seductus
603 1293 661 1364 est,
682 1289 737 1351 sed
756 1289 862 1372 imago
883 1292 915 1352 et
933 1289 1110 1354 similitudo
1131 1289 1181 1352 dei
1200 1289 1312 1361 fortior·

162 1397 291 1477 angele.
310 1395 366 1458 sed
386 1395 520 1460 adflatus
541 1396 591 1460 dei
610 1396 791 1479 generosior
810 1397 924 1476 spiritu
943 1396 1109 1471 materiali,
1126 1414 1187 1477 quo
1208 1396 1311 1478 angeli

110 1502 389 1577 reconstiterunt
419 1539 457 1547 —
484 1503 550 1584 qui
578 1501 690 1575 facit,
719 1502 835 1584 inquit,
869 1502 1046 1583 spiritus
1075 1503 1243 1585 angelos
1273 1505 1311 1565 et

160 1609 425 1690 apparitores
454 1608 654 1673 flammam
683 1610 792 1691 ignis
819 1646 862 1656 —-
892 1611 966 1690 qnia
988 1629 1045 1673 nec
1068 1609 1309 1672 uniuersitatem

160 1714 286 1778 homini
313 1715 503 1780 subiecisset
532 1715 655 1780 infirmo
684 1716 863 1780 dominandi
894 1720 927 1780 et
950 1736 1009 1780 nou
1038 1717 1154 1799 potiori
1178 1717 1310 1800 angelis,

162 1822 283 1903 quibus
311 1822 388 1885 nihil
417 1824 481 1887 tale
510 1823 656 1887 subiecit.
682 1824 727 1886 sic
757 1842 815 1886 nec
843 1823 925 1906 legis
949 1823 1073 1906 pondus
1102 1823 1311 1905 imposuisset

161 1965 208 1973 —
228 1927 257 1992 si
275 1928 383 2012 grauis
401 1929 450 1991 lex
470 1966 511 1974 -
530 1928 670 1993 inualido
689 1928 878 2004 sustinendi,
902 1948 959 1992 nec
979 1948 1072 2009 quem
1096 1929 1308 1992 excusabilem

110 2057 141 2096 ra
160 2035 263 2099 sciret
275 2035 400 2099 nomine
419 2035 660 2111 imbecillitatis,
676 2055 747 2099 eum
764 2036 946 2100 definitione
965 2036 1077 2100 mortis
1097 2037 1308 2101 conuenisset.

160 2146 325 2225 postremo
345 2161 405 2206 non
420 2143 567 2207 libertate
586 2161 643 2206 nec
662 2146 821 2223 potestate
841 2143 961 2206 arbitrii
985 2143 1117 2208 fecisset
1139 2143 1308 2222 infirmum,

161 2249 221 2315 scd
248 2251 357 2331 potius
385 2249 560 2314 defectione
589 2269 707 2314 earum.
744 2253 839 2331 atque
868 2250 946 2314 adeo
975 2249 1108 2314 eundem
1137 2250 1307 2324 hominem,

161 2355 294 2421 eandem
314 2357 525 2420 substantiam
544 2357 675 2436 animae,
700 2357 834 2420 eundem
853 2357 940 2420 Adae
960 2359 1078 2420 statum
1100 2356 1208 2421 eadem
1229 2356 1309 2420 arbi-

160 2463 216 2528 trii
230 2463 361 2528 libertas
375 2467 408 2527 et
420 2467 563 2546 potestas
578 2465 734 2528 uictorem
753 2463 853 2528 efficit
870 2464 964 2528 bodie
984 2465 1020 2528 de
1042 2439 1149 2528 eodem
1171 2463 1307 2541 diabolo,

110 2589 140 2629 so
160 2589 237 2633 eum
261 2570 433 2633 secundum
457 2571 647 2652 obsequium
671 2572 779 2655 legum
803 2569 855 2634 dei
880 2571 1128 2634 administratur.

208 2679 239 2740 o.
265 2674 399 2758 Quoquo
422 2681 538 2753 tamen,
562 2677 680 2758 inquis,
705 2677 797 2741 modo
823 2677 1002 2742 substantia
1026 2678 1176 2741 creatoris
1200 2676 1308 2741 delicti

160 2789 260 2866 capax
286 2784 457 2858 inuenitur,
489 2803 561 2877 cnm
590 2783 726 2849 adflatus
755 2784 816 2861 dei,
845 2784 877 2847 id
906 2787 956 2849 est
983 2785 1096 2861 anima,
1125 2786 1157 2848 in
1181 2784 1307 2848 homine

159 2891 298 2972 deliquit
316 2909 373 2954 neo
388 2894 495 2972 potest
509 2909 569 2955 non
585 2891 624 2955 ad
640 2892 825 2974 originalem
842 2909 999 2954 summam
1018 2891 1126 2954 referri
1148 2891 1306 2972 comuptio

158 2997 326 3080 portionis.
355 2996 394 3061 ad
418 2998 478 3061 hoc
502 2998 735 3080 interpretanda
759 2999 819 3061 erit
842 2999 979 3080 qualitas
1004 2998 1135 3062 animae.
1162 2998 1307 3079 inprimis

110 3124 140 3163 2⁵
159 3103 334 3167 tenendum
353 3103 438 3185 quod
458 3103 578 3168 Graeca
597 3105 754 3187 scriptura
777 3104 928 3187 signauit,
954 3103 1107 3168 adflatum
1130 3104 1307 3178 nominans

158 3228 223 3274 uon
256 3210 415 3292 spiritum.
462 3211 591 3292 quidam
625 3212 709 3275 enim
743 3212 780 3275 de
815 3210 934 3275 Graeco
967 3211 1212 3292 interpretantes
1247 3231 1307 3274 non

250 3507 278 3574 4]
300 3507 333 3558 cl.
353 3505 398 3560 liz.
420 3505 461 3569 18,
481 3506 528 3570 23;
544 3507 587 3565 33,
604 3505 693 3573 11311
708 3507 781 3562 Petr.
796 3507 822 3570 3,
837 3507 861 3561 9.
919 3506 964 3574 11]
984 3505 1027 3558 Ps.
1051 3505 1108 3563 103,
1128 3506 1153 3556 4.
1209 3505 1252 3573 ¹26]
1274 3505 1306 3559 cf.

160 3595 229 3649 Gen.
249 3595 276 3660 2,
296 3597 321 3647 7.

196 3791 213 3842 3
242 3793 271 3842 et
298 3788 399 3842 addidi
462 3789 495 3842 10
520 3789 699 3856 parenthesin
726 3789 856 3841 indicaui
925 3789 957 3840 14
979 3786 1157 3854 parenthesin
1182 3785 1307 3839 indicaui

161 3879 196 3930 15
219 3893 281 3931 eum
301 3878 370 3948 Rip:
391 3893 450 3932 cum
471 3878 533 3932 MR
624 3878 804 3934 conuenisset.
828 3881 964 3945 postremo
988 3878 1072 3943 uulgo
1146 3876 1177 3926 17
1197 3875 1306 3928 maline:

159 3966 209 4020 sed
236 3967 328 4036 potius
356 3966 510 4020 defectione
538 3983 629 4020 earum
657 3968 768 4019 fecisset
794 3966 928 4018 infirmum
984 3965 1018 4017 20
1042 3965 1087 4016 dci
1109 3964 1223 4030 scripsi:
1249 3965 1306 4016 cius

158 4055 223 4110 MR
277 4057 309 4109 21
327 4071 434 4124 quoquo
452 4061 544 4108 tamen
562 4055 643 4108 modo
662 4080 696 4100 =
716 4056 810 4123 (aliquo
830 4061 920 4108 tanuen
940 4054 1019 4106 modo
1039 4052 1132 4120 (Eup),
1150 4053 1199 4106 sed
1216 4054 1306 4106 nescio

160 4161 200 4198 an
218 4145 324 4198 lacum
334 4145 372 4198 sit
383 4145 532 4198 statuendo
545 4146 585 4196 sic
595 4147 658 4212 sere
675 4145 825 4212 explenda:
843 4142 1067 4212 quoquo-modo
1085 4143 1306 4208 <iustitutionem

160 4232 273 4286 audebis
292 4231 436 4286 defendere
454 4233 640 4302 legislatoris>
693 4235 727 4285 23
746 4233 905 4301 originalem
924 4232 959 4297 R,
979 4232 1110 4300 originem
1130 4231 1164 4283 M
