3250 4959
294 412 358 476 494
524 407 640 474 Quinti
660 409 802 478 Septimi
820 409 993 463 Florentio
1011 408 1219 464 Tertulliani

292 602 363 685 ipse
385 620 442 685 per
465 603 587 668 caelum
607 604 757 670 creatoris
775 604 863 669 niam
881 607 1018 686 ruperat.
1042 607 1100 668 aut
1120 601 1253 687 proinde
1273 605 1308 667 et
1329 601 1440 667 nubilo

293 709 444 773 creatoris
466 709 606 792 precario
628 729 709 775 usus
732 714 803 776 est?
826 711 936 792 itaque
954 728 1012 775 nec
1029 727 1112 775 nunc
1129 711 1222 773 muta
1241 708 1344 772 nubes
1366 707 1440 787 fnit,

294 815 434 881 5511151
458 815 554 881 solita
581 815 619 881 de
647 817 734 882 caelo
763 819 796 882 et
823 817 923 901 patris
950 836 1070 882 nouum
1096 817 1319 882 testimoninm
1345 834 1443 899 super

292 920 370 1000 filio,
393 921 433 986 ad
456 940 551 1006 quem
569 923 758 989 insecundo
781 924 923 1007 psalmo:
945 922 1069 987 filius
1091 941 1202 988 mens
1225 941 1266 988 es
1288 924 1345 1002 tu,
1369 940 1441 1005 ego

291 1027 412 1093 hodie
449 1029 571 1115 genui
607 1032 657 1108 te,
695 1029 733 1094 de
770 1049 834 1114 quo
872 1033 905 1094 et
935 1048 991 1113 per
1020 1029 1165 1095 Esaiam:
1198 1029 1290 1112 quis
1324 1027 1484 1094 deums

291 1137 498 1200 metuens?
521 1135 662 1200 audiat
688 1154 828 1201 uocem
856 1136 944 1201 filii
971 1136 1072 1201 eins.
1096 1135 1205 1219 itaque
1230 1137 1295 1200 iam
1317 1153 1441 1220 reprae-

292 1242 420 1306 sentans
435 1260 508 1307 eum
520 1279 559 1290 —
571 1242 636 1306 hic
650 1246 714 1308 est
726 1243 849 1308 filius
863 1243 1150 1326 meus-utique
1164 1241 1329 1308 subaudit:
1345 1259 1440 1324 quern

290 1348 469 1431 repromisi.
493 1349 521 1414 si
544 1349 627 1413 enim
650 1349 834 1432 repromisit
855 1347 1026 1432 aliquando
1051 1352 1083 1414 et
1104 1353 1218 1431 postea
1245 1347 1340 1414 dicit:
1373 1347 1440 1414 hic

292 1458 364 1532 est,
389 1455 458 1520 eius
482 1458 532 1520 est
555 1455 731 1521 exhibentis
755 1473 835 1521 uoce
856 1455 908 1521 uti
928 1456 961 1520 in
986 1456 1256 1521 demonstratione
1277 1454 1441 1539 promissi,

292 1562 347 1646 qui
370 1561 540 1645 aliqnando
563 1563 719 1644 promisit,
744 1581 806 1628 non
831 1562 912 1642 eius,
936 1562 989 1628 cui
1010 1561 1116 1646 possit
1135 1561 1335 1646 responderi:
1359 1560 1440 1645 ‘ipse
1458 1581 1482 1620 ιο

293 1669 376 1734 euim
400 1672 437 1734 tu
461 1668 532 1752 quis
558 1688 591 1734 es
616 1668 670 1751 qui
694 1668 797 1734 dicas:
821 1669 888 1733 bic
916 1671 979 1734 est
1008 1669 1130 1734 iilius
1156 1687 1280 1748 meus,
1309 1668 1350 1733 de
1377 1686 1440 1752 quo

291 1795 352 1841 uon
366 1775 470 1860 magis
480 1775 674 1858 praemisisti
687 1794 783 1859 quam
792 1778 827 1840 te
834 1776 954 1859 ipsum,
966 1775 1052 1859 quod
1064 1777 1154 1860 prins
1164 1793 1244 1855 eras,
1255 1775 1440 1841 reuelasti’?

291 1882 395 1948 hunc
417 1882 518 1967 igitur
540 1882 695 1947 audite!
720 1885 838 1964 quem?
865 1883 943 1966 <nisi
972 1884 1084 1968 quem>
1111 1884 1151 1948 ab
1178 1883 1271 1948 initio
1300 1881 1441 1946 edixerat

291 1988 484 2055 audiendum
506 1989 539 2053 in
561 1988 686 2054 nomine
709 1991 882 2073 prophetae
906 1991 1054 2073 quoniam
1079 1994 1113 2056 et
1133 1989 1305 2074 prophetes
1333 1987 1440 2054 eristi·

290 2095 370 2160 man'
393 2095 532 2160 habebat
554 2113 572 2159 a
594 2095 727 2178 populo:
752 2115 821 2178 pro
829 2096 1000 2180 phetam,
1022 2097 1129 2180 inquit
1149 2096 1289 2179 Moyses,
1312 2093 1438 2160 susci·
1455 2114 1483 2154 15

291 2201 395 2266 tabit
417 2200 532 2266 uobis
556 2200 652 2266 deus
677 2201 853 2267 exsiliis
881 2203 1051 2280 nestris,
1079 2201 1256 2268 secundm
1280 2200 1438 2266 carnalem

292 2308 417 2373 scilieet
449 2326 591 2386 censum,
623 2311 823 2392 tamquam
856 2328 912 2373 me
941 2308 1125 2375 audietis
1154 2309 1278 2374 illum.
1307 2307 1436 2372 omnis

291 2419 428 2480 autem
471 2415 535 2498 qui
574 2414 694 2480 illum
737 2435 810 2480 non
854 2416 1043 2493 audierit,
1086 2413 1433 2481 exterminabitur

291 2522 422 2587 anima
441 2522 528 2586 eins
548 2520 593 2586 de
610 2523 764 2605 populo
785 2538 868 2586 suo.
887 2523 934 2587 sic
954 2525 988 2587 et
1003 2522 1132 2588 Esaias:
1150 2522 1242 2604 quis
1260 2521 1297 2586 in
1317 2520 1439 2586 uobis

289 2631 471 2694 metuens
495 2627 664 2712 (deuna)
687 2627 881 2693 exaudiat
902 2647 1043 2694 nocem
1066 2629 1152 2693 filii
1172 2628 1271 2708 eius,
1290 2645 1389 2711 qnam
1407 2629 1440 2691 et
1455 2643 1483 2686 55

291 2736 361 2819 ipse
380 2739 470 2819 pater
488 2735 766 2801 commendaturus
786 2738 867 2800 erat:
887 2735 1042 2800 sistens
1064 2735 1160 2813 enim,
1181 2734 1297 2818 iuquit,
1316 2734 1442 2799 uerba

290 2841 380 2907 filii
403 2841 477 2918 sui,
504 2840 636 2907 dicendo
661 2841 801 2906 seilicet:
821 2841 887 2906 bic
906 2840 1440 2919 estiiliusmeusdilectns,

292 2949 396 3013 hunc
420 2948 571 3014 audite.
594 2949 704 3031 itaque
729 2951 762 3015 et
789 2949 817 3014 si
844 2950 930 3016 iacta
956 2948 1123 3014 translatio
1151 2948 1196 3014 sit
1221 2947 1396 3014 auditionis
1423 2967 1443 3011 a

291 3055 404 3138 Moyse
428 3059 462 3120 et
484 3054 580 3120 Helia
602 3055 634 3120 iu
660 3055 834 3135 Christum,
859 3056 915 3121 sed
940 3075 1003 3122 uon
1024 3059 1064 3120 nt
1085 3056 1125 3121 ab
1148 3055 1211 3120 alio
1235 3054 1295 3120 deo
1318 3072 1379 3119 nee
1402 3052 1443 3118 ad

292 3161 390 3227 adum
415 3161 588 3240 Christum,
613 3161 670 3227 sed
697 3182 715 3227 a
738 3165 879 3228 creatore
905 3163 938 3228 in
963 3162 1127 3229 Christum
1155 3163 1235 3241 eius,
1263 3159 1441 3228 secundnm
1457 3173 1487 3216 ὅ

292 3268 509 3335 decessionem
542 3269 660 3334 ueteris
694 3272 727 3333 et
759 3269 994 3335 successionem
1022 3269 1099 3334 noui
1126 3269 1327 3335 testamenti:
1364 3285 1439 3332 non

291 3377 468 3460 legatus,
487 3375 593 3458 inquit
609 3375 732 3454 Esaias,
752 3395 823 3441 nec
842 3377 1020 3456 nuntius,
1040 3377 1112 3444 sed
1130 3376 1221 3460 ipse
1240 3375 1339 3441 dens
1363 3373 1441 3439 eal·

381 3535 408 3605 4]
428 3534 472 3588 55.
491 3535 517 3602 a,
536 3536 561 3589 r.
625 3534 779 3604 eruero,
800 3536 842 3590 15.
906 3536 935 3605 5]
955 3536 1020 3590 cuc.
1038 3535 1064 3599 9,
1083 3535 1126 3590 55.
1182 3533 1227 3604 11]
1245 3533 1283 3589 51.
1338 3531 1384 3604 15]
1401 3530 1440 3586 55.

294 3625 338 3696 15]
357 3625 440 3678 neue.
461 3623 503 3691 15,
525 3624 565 3678 15.
583 3624 645 3679 sce.
665 3625 691 3688 5,
706 3623 749 3678 aa.
801 3623 1166 3694 lacesserentur.
1182 3623 1224 3686 re,
1240 3623 1283 3677 19.
1334 3621 1381 3691 19]
1394 3621 1440 3675 ue

292 3715 335 3782 5ο,
357 3713 399 3768 15.
453 3712 500 3781 91]
520 3711 688 3775 1554555.
743 3711 788 3782 55]
808 3713 853 3766 ss.
873 3713 916 3777 55,
935 3714 961 3767 5.

328 3837 421 3890 2115115
435 3839 485 3892 est.
499 3836 593 3905 itaque
605 3836 690 3905 culpo
734 3835 797 3890 4ad
811 3853 891 3905 quem
905 3837 1018 3904 5551551.-
1028 3839 1109 3904 atque
1118 3833 1231 3899 Mane
1240 3834 1287 3905 qni
1300 3833 1439 3898 chlaae,

292 3942 379 3996 aeque
396 3925 456 3978 Iun
514 3925 542 3978 in
562 3924 679 3980 secundo
698 3924 785 3979 Pom:
803 3925 938 3995 inprime
956 3924 1020 3979 MR
1065 3925 1081 3978 ’1
1100 3921 1230 3978 subaudit
1246 3922 1360 3992 scripsi:
1377 3921 1440 3976 snb·

292 4014 403 4068 auditur
420 4011 483 4068 MR
527 4013 718 4084 8repromisit
735 4012 775 4069 11ἱ
821 4011 1050 4083 951511115ιὶ11,
1070 4009 1286 4084 [11511115111111ι
1331 4010 1366 4067 12
1380 4027 1441 4066 eras

298 4101 364 4156 Urs:
382 4105 442 4155 erat
459 4099 522 4157 MR
577 4103 610 4156 13
629 4103 682 4156 nisi
702 4118 782 4173 quem
802 4101 903 4156 addidi
953 4101 986 4157 17
1005 4116 1113 4156 sensum
1135 4099 1187 4156 co
1234 4099 1271 4155 20
1289 4100 1369 4156 deum
1388 4099 1441 4154 cd·

294 4216 355 4270 didi
435 4173 477 4270 dli¹
502 4217 539 4271 M
563 4218 583 4282 (i
610 4234 632 4271 5.
659 4234 688 4272 ee
717 4235 736 4272 c
762 4235 796 4273 m.
825 4223 851 4284 1)
914 4218 950 4272 21
978 4217 1116 4273 Christum
1147 4217 1215 4272 Urs:
1241 4215 1351 4272 cbristo
1377 4214 1442 4270 affl

292 4305 393 4374 reliqui
446 4305 538 4373 aliquo
555 4305 593 4360 11
644 4305 679 4362 26
699 4306 889 4362 decensionem
906 4305 945 4360 11
995 4305 1116 4361 21515115
1133 4305 1206 4372 1111,
1224 4305 1350 4361 dominus
1366 4303 1441 4358 Par·
