3250 4959
343 437 408 500 566
571 432 688 499 Quinti
707 433 851 503 Septimi
868 432 1042 487 Florentia
1060 432 1265 487 Tertulliani

344 628 496 693 sanabit
527 647 593 694 nos
626 631 713 710 post
740 627 905 702 biduum,
938 627 974 692 in
1004 627 1064 692 die
1091 627 1208 692 tertia
1233 645 1485 710 resurgemus.

344 734 415 818 quis
449 735 533 800 onim
565 734 642 798 haec
670 752 731 798 non
761 733 869 798 credat
895 733 928 798 in
955 733 1133 817 recogitatu
1163 732 1335 798 mulierum
1362 732 1485 797 illarum

342 842 488 908 uolutata
509 843 591 906 inter
615 840 755 905 dolorem
779 841 954 924 praesentis
979 839 1207 920 destitutionis,
1235 859 1298 923 qua
1319 858 1487 923 percussae

342 948 402 1014 sibi
430 948 619 1013 uidebantur
643 967 661 1011 a
685 946 822 1026 domino,
851 950 885 1012 et
907 967 996 1031 spem
1019 947 1260 1012 resurrectionis
1284 947 1401 1030 ipsius,
1431 965 1487 1029 qua

341 1054 533 1120 restitutuiri
553 1072 587 1118 se
603 1053 856 1118 arbitrabantur?
872 1072 1000 1136 corpore
1014 1055 1121 1118 autem
1141 1071 1202 1117 non
1215 1052 1348 1118 inuento
1364 1052 1487 1118 sublata
1514 1077 1527 1114 s

342 1163 409 1226 erat
436 1162 601 1244 sepultura
630 1161 699 1225 eius
728 1160 766 1226 de
790 1159 896 1225 medio
920 1160 1096 1225 secundum
1119 1159 1255 1224 Esaiam.
1284 1157 1342 1224 sed
1371 1163 1406 1224 et
1428 1159 1485 1224 dno

339 1266 457 1331 ibidem
482 1265 586 1350 angeli
608 1273 831 1350 appamerunt.
854 1269 903 1331 tot
925 1265 990 1330 iere
1012 1265 1223 1330 laterensibus
1246 1265 1296 1331 uti
1314 1266 1485 1330 solebatis

342 1372 466 1438 dnobus
499 1374 638 1438 testibus
667 1373 845 1440 consistens
874 1371 925 1438 dei
952 1391 1065 1438 sermo.
1097 1376 1293 1438 reuertentes
1321 1391 1486 1455 quoquea

341 1481 485 1562 sepulcro
496 1479 647 1545 mulieres
659 1486 691 1544 et
700 1479 739 1544 ab
749 1480 806 1574 illa
816 1480 999 1565 angelorum
1010 1478 1134 1544 uisione
1144 1477 1488 1562 prospiciebatldsaias:

341 1587 531 1666 mulieres,
555 1583 668 1670 inquit,
694 1582 825 1673 [uenite]
850 1584 1048 1651 uenientes
1067 1604 1085 1649 a
1103 1585 1263 1662 uisione,
1287 1585 1432 1662 uenite,
1450 1586 1486 1649 ad
1502 1609 1527 1648 a

340 1693 579 1759 renuntiandam
604 1693 729 1758 scilicet
752 1693 872 1758 domini
893 1692 1167 1758 resurrectionem.
1257 1691 1345 1756 Bene
1368 1697 1485 1768 autem,

340 1800 424 1881 quod
442 1799 647 1864 incredulitas
666 1798 897 1882 discipulorum
915 1797 1148 1882 perseuerabat,
1167 1797 1254 1863 utin
1273 1795 1369 1862 finem
1383 1817 1486 1882 usqae

339 1905 478 1972 defensio
517 1911 625 1972 nostra
661 1907 851 1972 consisteret
883 1905 1044 1971 Christum
1076 1905 1185 1971 Iesum
1217 1924 1278 1970 non
1315 1904 1417 1970 alium
1454 1925 1485 1969 se

340 2011 505 2097 discipulis
529 2013 667 2078 edidisse
691 2032 785 2095 quam
814 2013 1049 2096 prophetarum.
1078 2030 1150 2076 nam
1179 2030 1251 2077 oum
1275 2011 1338 2076 duo
1363 2031 1400 2077 ex
1423 2011 1486 2076 illis

339 2121 400 2185 iter
423 2124 552 2201 agerent
576 2122 609 2185 et
631 2119 778 2185 dominus
803 2120 850 2184 eis
873 2119 1080 2191 adhaesisset,
1109 2138 1170 2183 non
1195 2136 1381 2200 comparens
1403 2117 1485 2200 quod
1500 2137 1524 2178 ιε

338 2226 407 2308 ipse
437 2231 531 2304 esset,
561 2227 657 2290 etiam
685 2226 892 2292 dissimulans
921 2225 959 2290 de
983 2225 1179 2291 conscientia
1200 2225 1244 2290 rei
1268 2231 1393 2310 gestae:
1421 2243 1485 2288 nos

340 2335 465 2397 autern
494 2333 732 2416 putabamus,
760 2332 920 2416 inquiunt,
948 2333 1070 2416 ipsum
1100 2351 1183 2398 esse
1210 2331 1484 2416 redemptorem

338 2438 534 2516 Israhelis,
562 2439 674 2522 utique
698 2457 793 2503 suum
818 2438 991 2514 Christum,
1013 2437 1048 2502 id
1071 2441 1121 2503 est
1143 2437 1303 2504 creatoris.
1326 2436 1406 2502 adeo
1430 2455 1484 2501 nec

340 2545 436 2609 aliurn
457 2565 490 2610 se
510 2545 652 2610 ediderat
669 2545 746 2611 illis.
766 2550 907 2611 ceterum
926 2563 987 2609 non
1005 2545 1224 2611 existimarent
1236 2563 1310 2609 eum
1324 2543 1484 2618 creatoris,

340 2655 371 2716 et
399 2663 471 2717 cum
501 2653 651 2718 creatoris
681 2653 923 2730 existimaretur,
951 2671 1012 2716 non
1040 2650 1248 2717 sustinuisset
1273 2649 1356 2715 hanc
1384 2649 1424 2714 de
1450 2667 1482 2714 se
1498 2671 1524 2710 a
1611 2712 1612 2737 3

339 2758 614 2838 existimationem,
644 2758 671 2823 si
704 2777 765 2823 non
798 2758 826 2822 is
855 2762 950 2836 esset,
975 2757 1030 2842 qni
1058 2757 1306 2823 existimabatur.
1334 2759 1392 2821 aut
1417 2757 1483 2839 ipse

339 2864 399 2928 erit
413 2867 522 2929 auctor
538 2865 650 2930 erroris
667 2867 699 2930 et
712 2863 946 2946 praeuaricator
966 2863 1111 2928 uenalis
1130 2862 1283 2928 aduersus
1302 2862 1352 2927 dei
1371 2861 1484 2945 optimi

338 2969 478 3035 titulum.
511 2970 567 3035 sed
599 2990 657 3036 nec
690 2973 764 3053 post
794 2970 1057 3036 resurrectionem
1086 2969 1188 3038 aliurn
1208 2987 1243 3034 se
1270 2969 1316 3034 eis
1346 2966 1483 3034 ostendit

339 3094 433 3158 quam
463 3095 556 3158 qoem
585 3075 802 3141 existimatum
830 3075 892 3140 sibi
916 3075 1065 3140 dixerant.
1091 3073 1183 3159 plane
1210 3075 1356 3139 inuectus
1380 3074 1483 3140 estin

337 3182 426 3248 illos:
452 3202 468 3247 o
494 3183 684 3248 insensati
709 3186 745 3247 et
767 3181 868 3246 tardi
891 3182 1003 3247 corde
1021 3182 1058 3246 in
1077 3200 1146 3246 non
1167 3180 1352 3246 credendo
1372 3180 1482 3246 omni·
1499 3203 1523 3244 a

338 3289 415 3370 bus,
444 3295 533 3373 ‘quae
561 3291 689 3355 locutus
718 3293 769 3354 est
796 3289 837 3354 ad
867 3297 949 3354 uos)
982 3307 1136 3370 quaenam
1168 3289 1318 3353 locutus?
1351 3286 1483 3352 altanus

338 3415 371 3462 se
404 3397 453 3461 dei
491 3401 581 3462 esse?
618 3397 726 3481 proba,
760 3401 792 3461 et
824 3415 936 3461 manus
974 3394 1063 3462 dedo.
1101 3414 1139 3460 an
1172 3395 1281 3460 eadem
1314 3398 1349 3460 et
1379 3392 1482 3479 angeli

426 3519 452 3589 ὃ]
472 3518 506 3574 cl.
526 3519 570 3572 Es.
590 3519 632 3583 57,
652 3519 676 3573 2.
741 3519 767 3587 8]
788 3517 822 3572 ci.
841 3519 905 3572 Luc.
924 3520 968 3587 24,
986 3519 1012 3572 9.
1078 3518 1122 3588 10]
1142 3517 1189 3572 Es.
1208 3517 1252 3585 27,
1273 3517 1316 3574 ll.
1384 3517 1430 3586 14]
1449 3515 1482 3570 ci.

337 3606 400 3664 Luc.
420 3608 463 3674 24,
483 3609 597 3662 13-33.
676 3608 719 3677 16]
740 3607 805 3661 an.
825 3609 869 3665 24.
889 3608 931 3661 21.
1008 3608 1053 3677 25]
1071 3607 1136 3661 Luc.
1155 3607 1199 3673 24,
1217 3607 1261 3661 25.
1333 3606 1380 3676 26]
1400 3605 1483 3660 uerba

337 3696 472 3765 euangelii
491 3697 634 3750 Marcionis
653 3713 683 3749 ex
702 3696 766 3749 Luc.
785 3697 829 3763 24,
848 3697 883 3749 25
902 3695 1018 3750 detorta

372 3807 388 3858 5
402 3803 566 3857 restitutuiri
580 3807 624 3870 (=
634 3804 791 3857 restitutum
802 3803 846 3869 iri)
860 3819 889 3856 se
899 3803 974 3872 mu.-
984 3803 1093 3856 restitui
1103 3803 1155 3856 rite
1165 3801 1228 3856 MR
1281 3801 1482 3856 arbitrabantur

336 3893 447 3960 scripsi:
465 3891 632 3946 arbitrantur
649 3891 712 3946 ΜΗ
769 3892 801 3947 10
821 3892 913 3945 uenite
931 3892 993 3946 sect.
1011 3891 1085 3945 Pam
1139 3893 1171 3946 21
1193 3890 1399 3945 existimabatur
1411 3889 1482 3944 Lot:

337 3981 505 4035 existimatur
523 3981 584 4035 MR
604 3981 703 4049 reliqui
757 3982 791 4034 25
809 3981 872 4034 illos
891 3979 938 4049 R³,
957 3980 1012 4034 illis
1027 3980 1101 4036 2Πίι
1149 3981 1184 4035 26
1203 3995 1336 4050 quaenam
1354 3979 1481 4035 locutus?

337 4069 448 4122 alterius
458 4069 541 4136 MR²‚
557 4087 625 4140 quao
640 4071 745 4124 locutus
760 4073 854 4138 <non>
871 4070 983 4123 alterins
992 4069 1032 4124 12³
1041 4069 1125 4139 augo
1160 4069 1194 4122 27
1205 4085 1234 4122 se
1244 4067 1481 4138 delesselproba.

337 4163 365 4212 et
382 4175 476 4211 manus
496 4158 574 4214 dedo.
595 4177 627 4212 an
647 4158 741 4214 eadem
760 4159 919 4227 scripsisse
940 4158 984 4212 dei
1003 4175 1061 4213 esse
1084 4158 1183 4227 probat
1201 4162 1230 4212 et
1252 4173 1349 4212 manus
1368 4156 1480 4212 dedeo.

337 4263 370 4300 an
390 4246 482 4300 eadem
498 4247 580 4307 Mitt
600 4265 628 4302 se
642 4248 685 4302 dei
700 4265 758 4301 esse
772 4247 878 4317 probat,
894 4247 942 4301 sed
961 4247 1081 4302 eiusdem
1096 4246 1148 4302 dei.
1163 4264 1225 4301 nam
1239 4246 1334 4303 eadem
1347 4245 1482 4316 amnuo

337 4351 369 4387 an
390 4359 422 4378 =
442 4335 507 4388 ocler
525 4337 601 4389 nicht
620 4335 709 4390 elma?
727 4337 823 4391 malim
841 4336 965 4404 quidem:
983 4336 1086 4402 eadem,
1103 4337 1214 4405 <qnae>
1229 4339 1259 4390 et
