3250 4959
387 390 447 445 VII.
467 390 634 444 Aduersus
653 390 851 445 Marcionem
870 389 918 443 lib.
932 390 974 443 III
993 391 1106 445 13-14.
1256 394 1320 456 399

169 590 299 652 femur.
344 588 400 652 sed
434 587 509 670 quid
542 606 638 669 supra
665 588 751 670 ‘legis
790 586 828 650 de
866 585 1014 651 Christo?
1060 587 1318 668 tempestiuus

169 694 303 759 decore
332 698 482 777 praeter
509 694 615 759 lilios
645 692 844 769 homiuum,
877 691 1003 757 effusa
1034 696 1092 757 est
1125 676 1249 776 gratia
1281 692 1316 756 in

168 800 283 863 labiis
308 800 395 865 tuis.
430 800 526 875 rideo,
552 798 589 876 si,
614 818 708 881 quem
732 798 771 862 ad
795 798 916 862 bellum
940 818 1015 863 ense
1044 799 1201 882 cingebat,
1226 798 1255 862 ei
1279 798 1317 861 de

166 907 419 989 tempestiuitate
435 905 557 970 decoris
577 908 609 969 ct
627 905 781 970 labiorum
802 905 904 987 gratia
923 904 1153 970 blandiebatur.
1174 905 1221 969 sic
1238 905 1316 968 item

133 1039 147 1076 e
167 1014 382 1097 subiungens:
398 1016 435 1077 et
449 1011 604 1076 extende
620 1014 656 1075 et
669 1030 893 1094 prosperare
907 1013 945 1075 et
957 1030 1080 1095 regna,
1092 1011 1221 1075 adiecit:
1237 1029 1316 1093 pro·

165 1124 250 1201 pter
268 1120 468 1183 ueritatem
493 1123 530 1183 et
552 1118 749 1183 leuitatem
771 1122 807 1181 et
825 1117 1026 1184 iustitiam.
1046 1118 1118 1199 quis
1138 1117 1222 1181 euim
1240 1136 1315 1181 ense

164 1228 233 1308 (ea)
262 1226 441 1309 operabitur
469 1229 501 1290 et
523 1245 583 1290 non
608 1225 762 1289 contraria
785 1225 904 1307 potius,
928 1224 1036 1288 dolum
1060 1227 1092 1287 et
1111 1223 1313 1305 asperitatem

165 1336 198 1396 et
220 1332 423 1409 iniustitiam,
451 1332 578 1414 propria
605 1332 730 1395 scilicet
753 1331 881 1414 negotia
904 1332 1118 1412 proeliorum?
1146 1330 1313 1395 uideamus

163 1458 252 1522 ergo,
281 1458 318 1503 au
352 1440 434 1503 alius
464 1439 507 1502 sit
534 1438 617 1503 ensis
646 1438 711 1515 ille,
746 1438 836 1501 cuius
864 1438 947 1501 alius
976 1441 1027 1502 est
1053 1440 1153 1501 actus.
1186 1456 1257 1501 uam
1282 1442 1314 1502 et

115 1570 143 1611 ιο
163 1548 328 1629 apostolus
351 1547 507 1611 Iohannes
531 1546 561 1609 in
586 1544 777 1627 Apocalypsi
802 1562 909 1609 ensem
936 1544 1089 1609 describit
1117 1564 1152 1608 ex
1181 1564 1233 1608 ore
1261 1544 1311 1607 dei

160 1652 381 1735 prodeuntem.
409 1653 459 1717 bis
484 1654 624 1728 acutum,
652 1655 869 1733 praeacutum,
898 1671 992 1734 quem
1019 1651 1163 1734 intellegi
1187 1654 1313 1732 oportet

161 1778 339 1823 sermonem
369 1759 522 1835 diuinum,
551 1758 599 1821 bis
629 1762 756 1821 acutum
788 1758 912 1821 duobus
940 1757 1141 1822 testamentis
1168 1757 1251 1841 legis
1279 1762 1312 1821 et

160 1866 329 1948 euangelii,
359 1869 487 1929 acutum
512 1864 677 1947 sapientia,
705 1864 858 1928 infestum
887 1864 1022 1940 diabole,
1051 1866 1223 1928 armantem
1253 1880 1310 1927 uos

159 1972 314 2035 aduersus
338 1973 446 2036 hostes
462 1971 628 2074 ¹spiritales
652 1970 812 2053 nequitiae
837 1974 869 2035 et
892 1970 1166 2052 concupiscentiae
1194 1971 1309 2046 omnis,

113 2104 139 2144 ιθ
158 2082 377 2161 amputantem
401 2079 496 2142 etiam
522 2098 540 2141 a
563 2078 735 2142 carissimis
761 2078 799 2141 ob
825 2076 874 2141 dei
898 2096 1021 2142 nomeu.
1059 2076 1174 2159 quodsi
1197 2076 1308 2142 lohan-

158 2204 229 2249 nem
259 2186 401 2270 agnitum
426 2204 487 2249 nou
512 2186 572 2261 uis,
601 2184 698 2248 habes
723 2203 923 2248 communem
946 2184 1134 2267 magistrum
1159 2184 1306 2256 Paulum,

155 2291 412 2375 praecingentem
440 2291 567 2355 lumbos
595 2294 720 2356 nostros
748 2290 883 2355 ueritate
911 2294 944 2354 et
974 2290 1072 2354 lorica
1097 2290 1241 2354 iustitiae
1275 2294 1308 2355 et

157 2398 342 2463 calciantem
369 2416 424 2463 nos
449 2398 719 2480 praeparationem
744 2397 904 2481 euangelii
927 2398 1024 2479 pacis,
1052 2417 1114 2462 non
1137 2396 1224 2471 belli,
1253 2398 1305 2460 ad-

155 2524 281 2569 sumere
300 2505 463 2568 iubeutem
483 2508 609 2569 sautum
629 2504 713 2585 fidei,
738 2504 769 2568 in
790 2523 851 2585 quo
872 2503 1034 2586 possimus
1058 2504 1164 2568 omnia
1186 2504 1305 2568 diaboli

108 2636 135 2677 20
153 2612 254 2695 ignita
273 2612 336 2676 tela
355 2612 547 2695 extinguere,
573 2614 604 2675 et
623 2612 744 2695 galeam
766 2611 916 2677 salutaris
940 2617 972 2675 et
995 2611 1136 2695 gladium
1161 2610 1303 2693 spiritus,

154 2718 252 2800 quod
277 2722 342 2798 est,
365 2718 479 2799 iuquit,
505 2718 563 2781 dei
578 2738 718 2783 sermo.
743 2720 824 2782 bauo
844 2721 877 2781 et
895 2718 1041 2782 domiuus
1064 2719 1134 2801 ipse
1157 2718 1303 2781 machae-

153 2844 220 2888 ram
249 2824 338 2888 uenit
366 2825 492 2888 mittere
524 2826 554 2887 in
588 2829 715 2899 terram,
744 2845 804 2889 nou
833 2844 952 2906 pacem.
985 2825 1014 2888 si
1046 2828 1121 2888 tuus
1155 2824 1300 2889 Christus

153 2938 213 3007 est,
238 2950 312 3015 ergo
346 2936 378 2995 et
411 2932 477 3014 ipse
510 2932 646 2995 bellator
674 2935 730 2997 est.
764 2933 791 2997 si
814 2932 951 2996 bellator
973 2950 1033 2995 non
1063 2942 1121 3005 est,
1155 2932 1301 2995 machae-

150 3058 219 3101 ram
247 3038 404 3102 intentans
434 3038 646 3122 allegoricam,
683 3038 775 3102 licuit
813 3058 887 3121 ergo
921 3041 953 3101 et
986 3037 1111 3101 Christo
1149 3037 1300 3101 creatoris

104 3172 132 3212 ze
151 3144 182 3207 iu
206 3144 329 3225 psalmo
355 3144 421 3207 siue
445 3144 569 3208 bellicis
592 3144 685 3208 rebus
706 3164 780 3207 ense
801 3144 954 3208 sermonis
973 3143 1133 3227 praecingi
1152 3144 1298 3226 figurato.

152 3252 204 3314 cui
224 3250 405 3331 supradicta
424 3250 658 3332 tempestiuitas
679 3254 833 3333 congruat
852 3253 884 3314 et
902 3251 1002 3333 gratia
1015 3250 1183 3325 labiorum,
1204 3270 1298 3331 quem

149 3361 226 3420 tuno
249 3354 311 3419 iam
336 3356 521 3439 cingebatur
541 3376 635 3437 super
653 3356 754 3419 femur
774 3357 857 3437 apud
876 3356 990 3433 Dauid,
1016 3356 1202 3438 quandoque
1222 3356 1297 3421 mis·

150 3482 245 3529 surus
278 3463 307 3526 iu
337 3468 461 3527 temam.
495 3464 554 3528 boe
588 3466 637 3527 est
666 3465 758 3537 enim,
794 3463 878 3547 quod
911 3464 969 3527 ait:
1004 3467 1040 3527 et
1073 3462 1227 3527 extende
1261 3467 1297 3526 et

241 3636 266 3705 l]
285 3637 327 3689 Ps.
348 3638 391 3698 44,
411 3638 435 3689 3.
483 3638 507 3705 bl
528 3637 572 3693 Pa.
592 3638 635 3699 44,
656 3637 919 3707 b·10]cs.Apoc.
941 3640 981 3705 19,
997 3639 1043 3701 21;
1065 3636 1294 3706 ci.Apoc.2,1‘2.

149 3724 193 3794 14]
211 3724 243 3778 ci.
259 3725 328 3794 Eph.
344 3727 369 3794 6,
387 3727 426 3781 12.
483 3728 524 3795 151
541 3726 574 3780 ci.
589 3727 686 3780 matth.
704 3728 745 3789 19,
761 3728 808 3791 29;
822 3728 904 3780 Marc.
921 3728 962 3795 10,
978 3729 1097 3789 29-30;
1111 3726 1175 3779 Luc.
1194 3728 1235 3792 14,
1250 3726 1293 3778 26.

147 3813 544 3883 17-20]cs.1tph.6‚14-17.
582 3816 790 3885 21]Eph.6,18.
829 3816 1074 3882 cl.llatth.10,34.
1111 3815 1292 3884 afficeras.

181 3938 197 3991 6
213 3954 275 3991 ense
288 3941 358 4006 <ea>
370 3940 527 4008 operabitur
535 3941 613 4008 Erip:
624 3940 728 4008 (llaec)
742 3958 804 3994 ense
819 3942 975 4009 operabitur
989 3940 1049 3998 Urs,
1064 3956 1110 4009 epo
1125 3940 1191 3993 olim
1205 3942 1294 3993 tomam

142 4027 285 4095 pamelium
298 4036 406 4083 seculae
420 4036 484 4097 post
498 4031 589 4098 potius
606 4031 736 4083 lacernam
751 4037 872 4084 statam
885 4031 973 4096 uolui,
985 4030 1033 4084 ced
1044 4030 1210 4083 incitatorem
1223 4030 1291 4090 illic,

144 4118 212 4183 qnia
230 4117 407 4171 irateroiderat
426 4134 458 4171 ea
472 4118 530 4171 siue
543 4118 618 4187 hacc,
631 4120 824 4187 interpolaverit
835 4121 974 4187 nepotiana
991 4120 1138 4187 suscepisse
1156 4120 1290 4173 maarai·

144 4204 257 4258 livescat
303 4206 334 4259 11
356 4206 532 4259 accutumrll
576 4207 607 4260 18
627 4211 860 4277 praeparationem
876 4209 944 4277 ΜΡ,
965 4208 1170 4277 praeparatione
1189 4208 1223 4275 R,
1243 4225 1292 4277 per

144 4294 311 4363 parationem
331 4298 375 4361 (=·
396 4292 422 4345 ἐν
442 4294 585 4365 ἑτοιμασίᾳ)
598 4299 668 4364 sori.
730 4299 762 4351 lo
783 4314 922 4368 possumus
944 4297 996 4351 Get
1054 4298 1087 4349 25
1107 4314 1198 4351 ensem
1218 4299 1290 4351 Pam
