3250 4959
343 405 407 469 250
567 400 685 467 Quinti
704 402 847 471 Septimi
866 401 1038 457 Florentia
1058 402 1261 456 Tertulliani

342 596 421 660 duas
444 615 494 660 res
519 600 550 661 et
570 596 648 661 duas
668 596 791 679 specics
811 596 908 661 iunius
928 600 961 661 et
978 597 1134 661 indiuisae
1159 597 1353 661 substantiae
1381 617 1500 661 nume·

342 704 426 780 rabo,
453 722 549 785 quam
576 702 671 767 deum
695 707 727 768 et
750 722 925 768 sermonem
949 704 1029 783 eius,
1058 722 1152 786 quam
1175 707 1296 787 patrem
1320 707 1351 768 et
1376 704 1499 769 filium.

390 811 440 873 14.
463 809 578 874 Adhuc
602 813 635 874 et·
656 810 712 873 illa
733 809 825 874 nobis
849 810 960 893 regula
984 810 1113 875 adsistit
1141 810 1220 876 duos
1249 810 1498 875 uindicantibus

343 920 464 998 patrem
492 918 525 979 et
551 915 664 993 filium,
693 934 773 999 quae
801 916 997 981 inuisibilem
1027 917 1121 982 deum
1155 916 1389 982 determinauit.
1422 936 1497 981 cum

343 1023 426 1085 enim
458 1022 587 1105 Moyses
623 1022 654 1086 in
687 1024 834 1107 Aegypto
872 1023 1087 1088 desiderasset
1124 1023 1244 1089 domini
1283 1028 1498 1106 conspectum
1526 1044 1536 1083 s

345 1128 469 1193 dicens:
496 1129 529 1193 si
554 1148 648 1213 ergo
671 1130 812 1193 inueni
838 1132 1010 1213 gratiam
1034 1150 1165 1195 coram
1188 1136 1239 1207 te,
1269 1132 1498 1195 manifesta

249 1266 252 1271 ·
343 1236 445 1300 mihi
481 1239 530 1313 te,
569 1239 613 1299 ut
650 1242 951 1320 cognoscenter
986 1237 1145 1301 uideam
1185 1240 1240 1301 te:
1265 1256 1338 1301 nou
1370 1241 1496 1319 potes

343 1341 496 1421 uidere,
515 1342 629 1424 inquit,
650 1342 797 1407 faciem
817 1362 954 1425 meam3
979 1363 1051 1408 non
1072 1344 1173 1408 enim
1194 1342 1356 1408 uidebit
1372 1344 1495 1409 homo

344 1448 491 1514 faciem
516 1468 639 1513 meam
659 1453 698 1513 et
716 1450 843 1528 uiuet,
867 1450 900 1514 id
920 1453 984 1515 est:
1009 1450 1162 1514 morietur·
1181 1452 1234 1531 qui
1253 1450 1380 1515 uiderit.
1406 1450 1495 1515 inne

344 1556 449 1621 nimus
475 1559 581 1621 autem
605 1560 639 1621 et
670 1576 688 1620 a
720 1557 832 1621 multis
869 1556 963 1621 deum
992 1557 1099 1621 uisum
1135 1560 1167 1620 et
1199 1556 1354 1620 neminem
1384 1559 1534 1621 tamenn

344 1681 465 1739 eorum,
499 1663 554 1745 qni
582 1682 654 1726 eum
682 1663 837 1739 uiderant,
866 1665 1040 1740 mortuum,
1070 1662 1176 1726 uisum
1210 1662 1338 1745 quidem
1370 1659 1496 1749 [deum]

344 1769 520 1834 secundum
547 1769 712 1835 hominum
740 1769 944 1853 capacitates,
972 1789 1033 1834 non
1058 1769 1232 1834 secundom
1261 1768 1494 1851 plenitudinem

345 1874 535 1940 diuinitatis.
563 1896 635 1940 nam
663 1876 726 1959 (et)
753 1875 951 1958 patriarchae
979 1876 1074 1941 deum
1097 1876 1220 1941 uidisse
1244 1876 1433 1950 reseruntur,
1458 1878 1495 1939 ut

344 1983 503 2047 Abraham
533 1986 565 2046 et
592 1983 697 2061 lacob,
726 1986 759 2047 et
785 1984 968 2067 prophetae,
996 1987 1034 2047 ut
1061 1984 1181 2062 Esaias,
1209 1986 1246 2047 ut
1274 1981 1431 2055 Ezechiel,
1462 1990 1493 2045 et

344 2092 450 2153 tamen
482 2090 602 2154 mortui
634 2109 693 2154 non
728 2095 811 2155 sunt.
846 2090 944 2174 igitur
971 2093 1027 2154 aut
1055 2089 1134 2155 mori
1159 2089 1342 2164 debuerant,
1367 2089 1394 2152 si
1418 2107 1491 2151 eum
1510 2110 1531 2151 rs

345 2194 560 2272 uiderant-
579 2195 694 2261 deum
717 2197 819 2261 enim
844 2216 955 2261 nemo
980 2195 1143 2260 uidebit
1166 2200 1204 2261 et
1228 2196 1344 2259 uiuet
1363 2232 1406 2241 —
1425 2200 1490 2261 aut.

346 2300 375 2363 si
407 2300 500 2365 deum
534 2302 683 2367 uiderunt
714 2306 747 2367 et
778 2303 896 2368 mortui
930 2322 991 2367 non
1028 2306 1113 2378 sunt,
1151 2303 1308 2385 scriptura
1339 2301 1491 2365 mentitur

347 2406 442 2471 deum
479 2408 612 2475 dixisse:
651 2410 797 2474 faciem
836 2428 957 2473 meam
995 2408 1106 2474 homo
1146 2408 1180 2473 si
1217 2408 1382 2484 uiderit,
1416 2426 1489 2471 non

347 2513 471 2579 uiuet.
500 2519 557 2580 aut
578 2516 638 2599 (si)
662 2517 818 2600 scriptura
841 2516 934 2599 (non)
957 2516 1118 2591 mentitur,
1139 2534 1240 2598 neque
1260 2534 1331 2579 cnm
1351 2514 1487 2579 inuisum

346 2638 448 2703 neque
482 2641 555 2687 cum
586 2623 694 2688 uisum
728 2622 821 2686 deum
853 2623 983 2705 profert,
1019 2624 1083 2688 iam
1122 2641 1195 2706 ergo
1229 2623 1312 2686 alius
1346 2622 1405 2685 erit
1437 2621 1489 2701 qui
1505 2644 1528 2685 a

346 2727 525 2807 uidebatur,
550 2731 626 2811 quia
648 2748 711 2794 non
733 2732 842 2812 potest
865 2729 949 2795 idem
972 2730 1143 2795 inuisibilis
1168 2728 1300 2804 definiri,
1326 2728 1380 2809 qui
1405 2726 1488 2790 iride.

347 2833 450 2911 batur,
475 2839 507 2900 et
530 2854 727 2918 consequens
751 2837 820 2915 erit,
846 2840 883 2901 ut
905 2836 1102 2901 inuisibilcm
1122 2839 1243 2918 patrem
1266 2835 1488 2918 intellegamus

347 2959 402 3021 pro
426 2941 621 3024 plenitudine
645 2943 834 3022 maiestatis,
863 2944 1024 3008 nisibilem
1048 2962 1123 3009 uero
1153 2944 1253 3008 lilium
1281 2958 1488 3026 agnoscamus

347 3065 403 3129 pro
431 3048 561 3112 modulo
590 3047 805 3128 deriuationis,
835 3050 920 3114 sicut
948 3068 1005 3114 nec
1037 3050 1137 3115 solem
1167 3050 1258 3115 nobis
1287 3044 1488 3129 contemplari

347 3153 434 3229 licet,
463 3158 617 3236 quantum
646 3156 685 3219 ad
713 3156 816 3239 ipsam
845 3156 1042 3221 substantiae
1075 3176 1243 3234 summam,
1277 3172 1357 3237 quae
1385 3152 1528 3217 astina

347 3258 455 3337 caelis,
483 3261 605 3326 radium
635 3268 741 3327 autem
770 3263 839 3328 eius
867 3263 1040 3332 toleramus
1065 3264 1165 3328 oculis
1194 3282 1250 3345 pro
1278 3266 1489 3344 temperatura

348 3368 514 3449 portionis,
539 3388 618 3452 quae
640 3370 673 3434 in
697 3373 812 3435 terram
832 3370 904 3435 inde
922 3370 1104 3455 porrigitur.
1128 3371 1180 3435 hic
1200 3390 1235 3435 ex
1255 3369 1381 3435 diuerso
1405 3364 1488 3429 uolet

438 3625 465 3691 6]
486 3622 570 3679 Exod.
589 3624 632 3691 33,
653 3625 695 3679 13.
714 3624 758 3678 20.

385 3768 501 3835 2quam
520 3766 625 3833 (priore
643 3768 712 3834 loco)
731 3768 766 3831 R,
786 3766 945 3838 quaPMF
986 3768 1092 3837 dquae
1106 3766 1153 3829 12³,
1170 3766 1253 3836 'quern
1267 3766 1391 3821 ΡΜΓΗι
1445 3764 1488 3819 de·

348 3854 507 3907 terminauit
525 3854 586 3913 FB.
605 3854 803 3925 degerminauit
825 3855 888 3909 PM
958 3858 974 3909 8
996 3873 1050 3909 non
1071 3856 1274 3910 enim-faciem
1294 3872 1380 3909 meam
1399 3872 1449 3909 orn.
1469 3852 1492 3905 Γ

351 3944 384 3998 10
395 3944 787 4013 autemaerapet:enimPMF
830 3945 1066 4000 nocomediae·
1111 3944 1302 3999 lactuculae·
1348 3944 1488 3997 ldmortrri

348 4048 401 4085 om.
420 4032 451 4085 F
503 4034 535 4085 16
553 4050 631 4087 nemo
649 4050 700 4088 oni.
721 4034 750 4086 F
803 4035 836 4088 19
852 4038 900 4088 ant
912 4036 973 4103 <si>
991 4034 1228 4103 scriptura<non>
1239 4034 1372 4088 mentitur
1383 4032 1489 4100 scripsi:

351 4125 399 4175 aut
412 4122 546 4191 scriptura
558 4124 689 4176 mentitur
701 4122 793 4177 PMF
843 4140 931 4192 neque
950 4140 1009 4177 oum
1030 4124 1145 4177 inuisum
1164 4138 1253 4192 neque
1272 4138 1331 4177 cum
1352 4122 1436 4176 nisum
1451 4120 1489 4175 M.

350 4225 438 4279 neque
457 4225 518 4262 eum
536 4209 653 4263 inuisum
672 4227 760 4278 neque
780 4226 839 4263 eum
859 4210 976 4264 inuisum
995 4210 1027 4279 F,
1048 4228 1107 4264 cum
1125 4210 1242 4265 innisum
1262 4214 1310 4264 ant
1329 4226 1388 4265 cunr
1408 4210 1489 4263 uisum

351 4300 469 4369 Paulpo
523 4301 558 4353 20
581 4300 684 4370 profert
701 4300 735 4360 P,
760 4300 877 4370 praesent
897 4300 962 4354 ΜΓ
1031 4300 1140 4370 profert.
1159 4302 1213 4354 iam
1233 4301 1317 4369 rcrelpo
