3250 4959
296 352 418 419 XXXII
772 352 989 409 Praefatio.

296 545 387 611 nobis
411 545 465 611 det
488 547 623 631 copiam,
642 547 698 613 ubi
719 548 809 614 deest
827 549 893 629 ille,
912 550 945 615 in
965 550 1141 619 deficientis
1161 553 1314 620 succedat
1330 555 1448 636 locam,

294 669 357 717 una
385 671 457 717 cum
486 653 614 719 nouicio
643 654 724 721 libro
747 654 932 723 Florentino
955 657 999 736 N,
1024 657 1078 740 qni
1106 678 1143 724 ex
1165 660 1447 744 Montepessulano

295 757 457 825 deriuatus
483 763 543 827 est.
565 760 655 826 iuxta
672 761 991 846 Montepessulanum
1014 768 1121 830 autem
1140 767 1274 851 eiusque
1294 773 1447 853 cognatos

292 883 355 931 non
392 866 519 933 omnino
557 869 802 935 contemnendos
841 889 911 935 esse
948 890 1043 955 supra
1079 872 1246 939 docuimus
1283 875 1448 959 archetypi

293 970 512 1039 cluniacensis
532 974 612 1041 alios
631 977 743 1054 testes,
757 976 1006 1061 Hirsaugienses
1024 978 1124 1045 libros
1137 980 1170 1045 in
1185 980 1326 1047 Rhenani
1344 982 1448 1066 prima

293 1078 484 1163 superstites
509 1084 541 1147 et
567 1081 694 1147 illorum
724 1084 873 1164 nepotem
896 1082 1115 1150 Florentinum
1137 1084 1178 1151 F.
1207 1103 1279 1151 nam
1305 1087 1367 1152 etsi
1389 1087 1446 1153 ali·

292 1189 409 1270 quanto
447 1188 653 1271 suspectioris
686 1190 762 1254 sunt
793 1188 868 1254 fidei
901 1192 934 1255 et
969 1190 1001 1257 in
1038 1191 1145 1256 dubiis
1181 1191 1292 1257 cedere
1329 1192 1446 1260 debent

291 1292 415 1359 meliori
438 1294 526 1375 testi,
549 1314 611 1361 non
634 1295 729 1361 modo
758 1314 885 1361 seruare
911 1296 998 1361 haud
1024 1295 1071 1361 ita
1096 1316 1166 1363 raro
1189 1298 1341 1365 uidentur
1363 1319 1444 1384 quae

290 1399 321 1463 in
346 1401 445 1465 altera
467 1400 590 1467 familia
611 1419 741 1485 prorsus
764 1402 994 1470 interciderunt
1016 1404 1188 1469 sedetiam
1207 1406 1331 1472 nemora
1347 1408 1443 1473 inter·

290 1504 365 1571 dum
388 1509 537 1591 praebere
562 1512 618 1574 aut
640 1508 799 1591 quomodo
818 1509 1011 1574 medendum
1030 1510 1074 1574 sit
1092 1512 1281 1593 corruptelis
1305 1512 1443 1579 indicare

290 1614 386 1680 uiam.
411 1618 443 1680 et
467 1614 570 1698 qualis
593 1615 645 1679 bic
670 1614 713 1680 sit
735 1634 815 1682 usus
838 1616 912 1681 libri
940 1617 1060 1682 nocicli
1081 1616 1256 1683 Florentini
1278 1618 1315 1683 F
1335 1619 1369 1684 in
1394 1620 1440 1686 sis

288 1720 493 1804 potissimum
518 1721 645 1806 scriptis
670 1722 885 1807 cognoscitur,
915 1741 996 1806 quae
1024 1742 1060 1788 er
1081 1722 1316 1790 Patemiacensi
1345 1744 1440 1809 quam

289 1847 325 1891 ex
351 1826 637 1913 Hirsaugiensibus
666 1828 780 1893 maluit
807 1828 899 1894 edere
925 1828 1108 1897 Rhenanus.
1135 1848 1208 1895 nam
1236 1831 1297 1896 etsi
1324 1830 1357 1897 in
1389 1832 1440 1898 his

288 1953 414 2018 quoque
436 1933 528 2000 libris
545 1934 747 2001 recensendis
766 1953 828 1999 non
847 1936 975 2001 omnino
994 1935 1118 2018 respuit
1134 1936 1233 2002 libros
1251 1937 1326 2004 illos
1344 1938 1439 2004 hodie

288 2041 480 2126 deperditos,
512 2060 660 2127 magnam
694 2044 800 2107 tamen
833 2042 1026 2108 conantium
1052 2042 1084 2107 in
1110 2042 1177 2109 illis
1210 2044 1438 2127 scripturarum

285 2151 408 2230 partem
438 2147 587 2214 adnotare
616 2152 673 2213 aut
699 2149 821 2213 incuria
848 2149 990 2232 neglexit
1016 2153 1072 2214 aut
1099 2151 1245 2216 consulto
1276 2150 1390 2231 noluit,
1419 2170 1437 2217 e

287 2254 402 2335 quibus
435 2275 496 2320 non
528 2256 573 2321 ita
604 2273 722 2338 paucas
754 2254 931 2320 Florentini
958 2255 1033 2321 libri
1060 2256 1177 2322 auxilio
1206 2257 1244 2322 ab
1273 2256 1434 2322 obliuione

285 2360 464 2427 uindicatae
489 2361 682 2428 emendando
707 2362 831 2427 auctori
853 2361 1047 2427 adhibendas
1067 2361 1263 2431 censuimus.
1282 2400 1326 2412 —
1346 2362 1436 2429 Cete-

284 2486 356 2531 rum
380 2467 521 2535 excussis
540 2468 591 2534 his
611 2466 774 2534 codicibus
794 2471 826 2534 et
846 2486 940 2551 quam
963 2468 1100 2533 maxima
1116 2468 1185 2534 fieri
1202 2470 1344 2553 potuerit
1361 2489 1437 2537 cura

284 2573 367 2639 inter
399 2594 433 2641 ac
466 2576 657 2660 comparatis
690 2574 769 2640 nihil
797 2574 886 2641 aliud
913 2575 1158 2658 praestabimus,
1194 2576 1258 2642 nisi
1288 2580 1327 2641 ut
1358 2576 1436 2661 quid

284 2682 314 2746 in
349 2679 551 2748 cluniacensi
589 2681 759 2767 archetypo
797 2682 894 2746 luerit
931 2682 1049 2748 certius
1086 2700 1307 2766 agnoscamus.
1346 2684 1432 2767 quod

284 2790 430 2873 quamuis
456 2794 488 2855 ct
511 2788 723 2855 necessarium
747 2788 791 2854 sit
809 2792 842 2854 et
859 2788 938 2854 utile
958 2808 1160 2874 cognoscere,
1178 2793 1284 2856 tamen
1305 2794 1338 2855 et
1354 2790 1434 2856 haec

284 2896 447 2963 codicibus
470 2896 587 2962 nostris
611 2895 770 2979 antiquior
792 2895 946 2961 memoria
969 2898 1124 2979 quantum
1142 2895 1241 2961 distet
1259 2915 1277 2960 a
1296 2896 1434 2982 genuina

282 3003 421 3068 auctoris
445 3004 602 3087 scriptura
629 3005 662 3067 et
690 3021 726 3066 ex
754 3000 999 3068 difficultatibus
1026 3001 1299 3087 interpretationis
1321 3006 1430 3087 potest

283 3109 362 3174 disci
394 3112 514 3192 passim
547 3109 763 3175 oborientibus
796 3113 830 3174 et
860 3128 897 3173 er
929 3129 966 3173 ea
998 3128 1092 3192 quam
1121 3109 1320 3175 instituimus
1345 3128 1431 3176 com-

280 3216 444 3300 paratione
476 3216 558 3281 inter
588 3215 786 3302 Agobardini
819 3222 851 3280 et
882 3215 1089 3281 Mesnartiaui
1122 3216 1241 3281 codicis
1278 3216 1431 3299 antiquis·

280 3321 395 3387 simam
423 3325 455 3388 et
483 3322 564 3388 hanc
591 3323 798 3389 recentiorem
828 3322 1024 3387 memoriam.
1052 3321 1124 3388 inde
1151 3326 1258 3387 autem
1281 3323 1428 3388 instruct'

280 3429 360 3495 duas
384 3430 587 3513 potissimum
612 3447 683 3496 esse
703 3447 816 3494 causas
836 3428 1099 3512 corruptelarum,
1117 3427 1288 3495 uerborum
1306 3428 1431 3494 scilicet

278 3537 416 3602 iacturas
441 3540 474 3602 et
496 3540 707 3603 correctorum
731 3536 1023 3617 interpretamenta,
1046 3534 1078 3599 in
1101 3534 1333 3601 constituendis
1355 3554 1429 3601 auc·

278 3644 358 3709 toris
394 3644 502 3709 uerbis
538 3643 591 3709 uel
627 3642 763 3708 maxime
800 3660 927 3726 operam
965 3641 1122 3722 dedimus,
1155 3646 1193 3707 ut
1224 3642 1428 3726 inuestigatis

277 3749 540 3834 interpolatorum
563 3748 752 3815 commentis
781 3750 813 3812 et
839 3747 1040 3813 librariorum
1069 3748 1297 3814 omissionibus
1319 3747 1426 3831 pristi-

277 3874 349 3921 nam
372 3856 613 3922 restitueremus
636 3856 807 3922 uerborum
831 3855 955 3921 faciem.
979 3874 1041 3938 qua
1062 3855 1095 3919 in
1118 3874 1152 3920 re
1175 3875 1249 3920 cum
1267 3854 1426 3920 neminem

276 3962 467 4028 temeritatis
494 3963 716 4029 incusatumm
744 3981 796 4027 me
825 3962 992 4041 confidam,
1021 3962 1123 4027 multo
1152 3980 1228 4028 sane
1260 3960 1425 4026 difficilius

277 4070 530 4153 adstipulaturos
554 4070 620 4138 scio
646 4069 730 4136 ciros
753 4070 877 4149 doctos,
900 4067 956 4134 ubi
978 4067 1207 4150 interpretandi
1230 4066 1425 4132 difficultati·

276 4175 336 4241 bus
365 4180 495 4241 coactus
522 4176 745 4242 inuertendum
774 4173 848 4238 duxi
876 4173 1017 4238 ordinem
1045 4172 1227 4251 uerborum,
1256 4171 1340 4256 quod
1362 4189 1424 4236 non

275 4283 322 4349 ita
346 4301 416 4348 raro
445 4283 565 4348 lactum
593 4301 664 4348 esse
692 4281 841 4356 concedo,
869 4280 1006 4344 marimo
1032 4279 1064 4344 in
1091 4278 1173 4345 libro
1196 4276 1234 4343 de
1250 4278 1422 4360 patientia.
