3250 4959
330 381 391 444 108
547 378 663 442 Quinti
684 377 842 447 Septimii
861 377 1033 436 Florentia
1052 377 1258 431 Tertulliani

327 577 472 657 augetur.
497 574 613 637 seritur
637 573 720 636 enim
746 573 945 637 solummodo
970 591 1100 656 manum
1125 573 1191 637 sine
1214 573 1349 636 folliculi
1372 575 1476 649 ueste,

327 680 393 744 sine
417 678 621 744 fundamento
642 679 759 761 spicae,
784 680 852 743 sine
872 679 1069 744 munimento
1088 680 1215 743 aristae.
1239 680 1307 743 sine
1326 679 1475 762 superbia

326 787 434 851 culmi.
455 787 579 870 exurgit
602 791 707 850 autem
730 787 821 868 copia
843 787 1031 861 feneratum,
1055 787 1241 870 compagine
1264 785 1475 864 aedificatum,

325 892 433 958 ordine
467 897 635 970 structum,
670 894 758 957 cultu
792 893 950 957 munitum
984 897 1018 957 et
1049 912 1277 975 usquequaque
1308 893 1476 956 uestitum.

325 1001 401 1064 haec
426 1003 501 1064 sunt
524 1001 552 1063 ei
576 1019 690 1083 corpus
716 1019 733 1063 a
758 999 815 1064 deo
841 999 936 1077 aliud,
959 1000 990 1062 in
1006 999 1100 1080 ¹quod
1127 1019 1187 1064 non
1216 999 1387 1064 abolitione
1418 999 1475 1064 sed
1503 1019 1515 1056 ⁵

325 1107 529 1188 ampliatione
558 1109 709 1181 mutatur,
739 1111 775 1170 nt
802 1110 879 1170 tuno
903 1110 934 1170 et
957 1106 1036 1169 illud
1060 1125 1154 1170 suum
1179 1107 1233 1182 sit,
1253 1107 1337 1187 quod
1360 1107 1476 1170 extrin-
1617 1098 1618 1101 '

328 1231 421 1278 secus
437 1233 455 1278 a
471 1213 527 1276 deo
545 1211 702 1296 adquirit:
724 1217 760 1276 et
776 1213 978 1295 unicnique
998 1213 1182 1277 seminum
1197 1233 1303 1277 suum
1319 1233 1473 1296 corpus:

324 1326 403 1403 puta
426 1341 458 1384 re
482 1339 541 1384 non
568 1339 672 1392 suum,
696 1320 728 1382 id
748 1324 797 1383 est
817 1338 877 1383 non
896 1320 1077 1401 pristinum.
1102 1320 1184 1383 serui
1208 1320 1309 1403 igitur
1331 1321 1473 1402 exemplo

325 1433 357 1493 et
381 1447 533 1492 corrserua
556 1427 720 1507 speculum
747 1425 816 1490 eius
847 1427 945 1491 carni:
976 1427 1105 1490 eandem
1130 1426 1238 1490 credes
1265 1426 1473 1492 fructificatu-

325 1553 400 1610 ram,
426 1553 505 1615 qnae
525 1533 567 1596 sit
586 1532 750 1607 seminata,
775 1531 889 1614 ipsam,
914 1533 975 1596 etsi
1000 1533 1185 1614 pleniorem,
1205 1551 1265 1598 uon
1286 1533 1392 1610 aliam,
1412 1535 1472 1598 etsi
1495 1556 1519 1592 ιο

325 1641 416 1704 aliter
438 1642 657 1703 reuertentem.
683 1639 819 1721 accipiet
842 1638 925 1702 enim
955 1642 987 1702 et
1013 1639 1082 1720 ipsa
1111 1644 1301 1723 suggestum
1330 1644 1361 1703 et
1386 1661 1471 1704 orna-

324 1749 404 1823 tum,
429 1746 553 1828 qualem
578 1745 625 1808 illi
651 1745 728 1808 deris
753 1746 892 1809 uoluerit
916 1745 1127 1828 superducere
1151 1747 1325 1810 secundnm
1348 1748 1468 1812 merita.

325 1854 391 1916 sine
421 1852 517 1915 dubio
547 1851 585 1914 ad
613 1851 672 1915 boc
702 1851 828 1915 direxit:
857 1871 926 1916 non
956 1853 1076 1916 omnis
1105 1871 1190 1916 caro
1220 1853 1346 1916 eadem
1371 1872 1467 1920 caro:

323 1978 383 2023 non
405 1958 442 2022 ad
462 1958 676 2041 denegandam
704 1957 901 2021 substantiae
925 1959 1177 2022 communionem
1203 1959 1259 2023 sed
1281 1959 1470 2044 praerogati-

324 2085 382 2129 uae
406 2064 693 2148 peraequationem,
719 2082 833 2145 corpus
857 2063 994 2130 honoris.
1024 2083 1085 2127 non
1110 2065 1247 2147 generis,
1274 2066 1305 2128 in
1330 2065 1515 2130 differes-1⁵

323 2172 399 2235 tiam
424 2171 580 2254 redigens.
609 2171 639 2232 in
665 2170 723 2232 boc
749 2175 780 2233 et
804 2170 940 2253 figurata
968 2171 1088 2234 subicit
1115 2172 1257 2254 exempla
1285 2171 1468 2237 animalium

323 2281 355 2342 et
379 2279 620 2342 elementorum:
650 2277 724 2340 alia
753 2296 836 2341 caro
865 2277 1039 2350 hominis,
1072 2277 1104 2340 id
1135 2281 1185 2342 est
1211 2279 1295 2342 serui
1324 2279 1385 2355 dei,
1414 2281 1467 2362 qui

322 2403 396 2447 uere
416 2384 508 2448 homo
529 2387 589 2448 est.
609 2382 683 2446 alin
707 2382 880 2455 iumenti,
900 2383 931 2445 id
952 2387 1000 2446 est
1020 2383 1149 2464 ethnici,
1167 2421 1206 2430 -
1223 2383 1261 2449 de
1278 2404 1339 2466 quo
1355 2389 1388 2449 et
1400 2405 1466 2468 pro·

322 2490 430 2573 pbeta:
466 2490 710 2554 adsimilatus
741 2493 808 2564 est,
839 2489 955 2571 inquit,
987 2490 1095 2556 homo
1128 2491 1466 2556 inrationabilibus

321 2597 512 2670 tumentia,
529 2633 571 2644 -
587 2597 661 2660 alia
676 2614 760 2660 caro
781 2596 1011 2670 uolatilirrm,
1032 2597 1064 2660 id
1085 2601 1134 2661 est
1152 2602 1337 2679 martyrum,
1355 2600 1411 2680 qui
1429 2599 1466 2663 ad
1483 2617 1514 2658 ao

321 2703 483 2784 superiora
507 2707 667 2778 conantur,
693 2701 768 2765 alia
788 2702 963 2784 piscium,
987 2703 1019 2765 id
1039 2706 1090 2766 est
1108 2705 1225 2785 quibus
1249 2723 1331 2786 aqua
1348 2704 1465 2786 bsptis-

320 2810 414 2874 matis
439 2811 567 2874 sufticit.
592 2810 637 2872 sic
663 2809 750 2873 etde
771 2809 1059 2890 supercaelestibus
1079 2811 1262 2892 corporibus
1282 2815 1465 2894 arguments

321 2916 507 2980 committit:
528 2916 602 2980 alia
623 2915 716 2980 solis
737 2917 868 2999 gloria,
888 2916 921 2978 id
940 2921 989 2980 ost
1006 2915 1135 2982 Christi.
1156 2921 1192 2980 et
1211 2919 1284 2981 alia
1298 2918 1419 2993 lunae,
1433 2916 1464 2980 id

320 3027 368 3086 est
387 3023 549 3093 ecclesiae,
580 3027 615 3086 et
639 3023 712 3086 alia
737 3022 944 3097 stellarum,
967 3023 1000 3086 id
1025 3026 1074 3086 est
1102 3023 1232 3088 seminis
1256 3024 1409 3088 Abrahae.
1433 3029 1464 3088 et

320 3128 433 3194 stella
448 3129 546 3193 eninr
562 3148 579 3191 a
595 3130 709 3192 stella
724 3129 861 3192 differt
876 3129 911 3192 in
931 3130 1063 3211 gloria,
1083 3133 1122 3193 et
1141 3149 1298 3212 corpora
1316 3134 1463 3194 terrena
1479 3153 1510 3192 ss

319 3239 356 3298 et
370 3235 563 3312 caelestia,
579 3235 715 3298 Iudaeus
728 3235 852 3298 scilicet
862 3239 893 3298 et
904 3235 1112 3301 Cluistiamrs.
1129 3240 1266 3300 ceterum
1278 3237 1304 3300 si
1315 3255 1375 3302 non
1386 3237 1463 3321 figu-

406 3499 430 3566 7]
451 3497 463 3550 Ι
484 3496 543 3551 Cor.
571 3499 611 3559 15,
631 3497 672 3549 35.
759 3496 872 3564 13-20]
897 3495 911 3547 Ι
935 3495 994 3550 Cor.
1022 3498 1062 3555 15,
1089 3497 1132 3552 39.
1213 3497 1257 3566 19]
1282 3497 1327 3553 Ps.
1351 3499 1395 3564 48,
1419 3498 1460 3550 21.

317 3586 433 3655 ‘23-25]
455 3585 467 3638 Ι
487 3585 547 3639 Cor.
568 3585 608 3644 lb,
628 3586 671 3638 41.
727 3585 772 3652 ‘251
794 3582 808 3636 Ι
829 3583 889 3637 Cor.
911 3584 951 3649 l·'›,
972 3585 1015 3637 40.

352 3730 367 3780 7
388 3729 490 3780 irruerit
508 3727 630 3780 ordinem
650 3726 808 3778 uerborum:
830 3729 856 3778 et
871 3727 1014 3794 uuicuique
1030 3729 1162 3780 sentinam
1174 3769 1179 3780 .
1192 3771 1197 3780 .
1209 3771 1215 3784 .
1227 3727 1254 3780 id
1274 3731 1316 3780 est
1334 3745 1389 3782 non
1408 3727 1460 3797 pri-

316 3816 429 3878 stinum;
455 3819 484 3868 ut
508 3819 572 3868 tunc
597 3819 624 3868 et
646 3813 900 3883 illud...edquirit
924 3815 1014 3868 Polb'
1066 3817 1081 3869 8
1105 3820 1173 3885 puta
1195 3834 1223 3871 re
1241 3817 1353 3885 scripsi:
1372 3817 1460 3886 putari

315 3901 410 3963 PMF,
434 3905 541 3972 putauit
567 3902 625 3964 uel,
651 3903 794 3972 deputarit
817 3903 889 3954 Pom
944 3902 1073 3956 serenes
1100 3905 1213 3970 scripsi:
1245 3905 1356 3958 credens
1375 3903 1463 3958 PMF

318 3993 349 4044 10
368 3993 473 4060 plenior
492 3995 533 4045 est
547 3993 574 4046 R
631 3993 661 4044 ll
683 3995 850 4044 reuerentem
874 3991 925 4044 Get
980 3992 1013 4044 13
1032 3990 1129 4045 direxit
1143 3992 1212 4057 PM,
1231 3991 1329 4046 dixerit
1341 3991 1377 4050 F.
1396 3993 1460 4047 diri·

314 4081 356 4149 git
382 4081 433 4134 Get
490 4083 521 4134 17
546 4081 756 4134 aelernentorum
781 4079 817 4132 M
869 4082 904 4133 20
927 4080 1067 4133 uolucrum
1095 4081 1118 4134 C
1175 4083 1207 4134 ‘31
1237 4081 1291 4136 alie
1318 4087 1410 4136 antem
1438 4081 1462 4134 (ἵ

314 4169 348 4222 22
364 4172 545 4240 argumentari
561 4171 687 4222 conuenit
701 4167 767 4221 ΡΙΙι
822 4169 856 4221 ¹23
872 4169 959 4236 gloria
973 4168 1069 4226 PMF.
1086 4169 1194 4223 claritas
1208 4169 1259 4224 Get
1313 4170 1459 4224 261udae·

313 4275 343 4312 us
356 4303 360 4311 .
373 4301 377 4312 .
391 4299 396 4312 .
408 4258 576 4312 Christianus
595 4259 642 4316 Idi.
662 4257 773 4310 iudaeos
785 4299 790 4310 .
803 4301 808 4312 .
821 4299 826 4310 .
839 4258 999 4310 christianos
1018 4259 1145 4311 ΡΜΙἸΙι
