3250 4959
316 441 381 505 468
546 437 661 502 Quinti
683 439 822 507 Septimi
840 438 1011 492 Florentio
1030 437 1234 492 Tertulliani

317 637 492 698 atrorum
532 633 776 699 disturbant.
805 634 952 716 prohibet
985 637 1017 699 et
1045 635 1122 698 alias
1150 634 1246 698 fidere
1275 635 1405 698 omniuo
1435 637 1467 698 iu

315 741 485 814 hominem
511 741 596 805 siout
618 741 650 803 in
674 741 801 804 laudem
821 740 969 818 hominis,
988 744 1026 803 ut
1044 760 1101 822 per
1112 740 1324 805 Hieremiam:
1348 743 1468 805 male-

316 848 455 912 dictus
488 847 614 925 homo,
648 847 712 930 qui
746 867 855 930 spem
878 848 1001 912 babet
1023 848 1062 911 in
1085 847 1254 912 bomine.
1277 868 1353 912 nam
1378 852 1412 912 et
1435 851 1466 912 in

314 957 437 1040 psalmo
462 957 635 1022 centesimo
660 955 782 1020 decimo
807 955 944 1038 septimo
969 955 1061 1020 dicit:
1085 956 1229 1020 bonum
1254 961 1315 1018 est
1339 956 1466 1018 conli-

316 1061 1466 1144 dereindeumquarnconfidereiuhomiuemetbonum
1499 1085 1512 1124 s

315 1175 378 1236 ost
402 1189 564 1254 sperare
588 1172 626 1234 in
650 1171 764 1234 deum
789 1189 903 1252 quam
929 1189 1093 1252 sperare
1117 1170 1154 1234 in
1177 1169 1396 1251 principes.
1421 1170 1467 1232 ita

313 1280 429 1354 totum,
454 1276 535 1358 quod
558 1277 596 1339 ab
616 1276 742 1340 homine
768 1279 922 1358 captatur,
943 1276 1063 1340 abdixit
1082 1281 1213 1352 creator,
1232 1275 1350 1340 nedum
1371 1276 1467 1338 bene-

315 1384 494 1449 dictionem.
519 1383 812 1466 pseudopropbetas
837 1385 943 1446 autem
966 1382 1113 1447 laudatos
1137 1382 1206 1446 sius
1230 1382 1420 1446 benedictos
1448 1403 1466 1444 a

313 1491 456 1574 patribus
472 1509 580 1554 eorum
594 1493 659 1553 tem
676 1489 744 1554 eius
760 1494 808 1554 est
823 1490 1007 1573 exprobrare
1026 1509 1120 1572 quam
1139 1489 1311 1570 propbetas
1330 1492 1466 1552 uexatos

315 1602 346 1662 et
358 1604 537 1662 recusatos:
555 1597 640 1661 sicut
657 1597 788 1661 iniuriae
808 1597 1033 1679 prophetarum
1048 1616 1109 1661 non
1124 1596 1356 1678 pertinuissent
1369 1597 1466 1677 (nisi)
1485 1623 1514 1661 ro

315 1705 353 1769 od
383 1705 477 1769 doum
505 1704 659 1786 ipsorum,
688 1704 734 1767 ita
756 1723 812 1767 neo
837 1703 956 1787 gratiae
978 1702 1329 1786 pseudoprophetarum
1353 1701 1466 1785 displi-

314 1812 456 1876 cuissent
480 1811 541 1875 uisi
565 1811 623 1874 deo
647 1811 882 1892 prophetarum.

361 1921 410 1982 16.
431 1917 492 1984 Sed
512 1917 631 1981 uobis
651 1917 750 1992 dico,
766 1917 881 1998 inquit,
897 1917 963 1998 qui
984 1915 1139 1979 auditis
1156 1952 1199 1960 —
1214 1915 1386 1980 osteudens
1402 1916 1463 1980 hoc

313 2028 389 2093 olim
421 2025 604 2089 mandatum
635 2044 653 2087 a
686 2027 839 2089 creatore:
877 2025 1045 2106 loquere
1077 2023 1116 2086 iu
1149 2041 1267 2086 aures
1300 2023 1461 2087 audien·

312 2134 410 2196 tium
427 2155 484 2195 -ι
501 2131 1058 2214 diligiteinimioosuestros
1074 2130 1365 2195 etbenedicite
1381 2150 1461 2196 eos.
1483 2157 1509 2198 rs

313 2239 380 2320 qui
399 2258 470 2302 uos
496 2238 675 2313 oderunt,
696 2242 734 2302 et
758 2240 870 2302 orate
893 2255 963 2320 pro
987 2237 1056 2313 eis,
1078 2236 1146 2317 qui
1169 2256 1241 2301 uos
1266 2238 1463 2302 calumni-

313 2347 440 2409 antur.
475 2345 551 2408 haec
584 2348 706 2408 creator
735 2363 796 2407 unu
823 2344 1079 2426 pronuntiatione
1107 2343 1206 2407 clusit
1232 2363 1289 2427 per
1314 2344 1461 2409 Esaiam:

313 2451 441 2515 dicite
467 2451 629 2515 ‘fratres
654 2451 785 2515 nostri
810 2451 924 2514 estis‘
946 2451 1016 2528 eis,
1041 2451 1106 2532 qui
1130 2469 1202 2515 uos
1222 2450 1408 2516 oderunt.
1433 2455 1461 2515 ai

312 2558 393 2622 enim
418 2559 472 2640 qui
495 2556 614 2620 inimici
640 2561 715 2620 sunt
739 2561 770 2621 et
794 2557 928 2621 oderunt
952 2562 984 2621 et
1002 2556 1197 2620 maledicunt
1214 2562 1247 2622 et
1265 2559 1462 2622 calumnian-

311 2669 363 2729 tur
395 2665 507 2728 fratres
541 2663 719 2747 appellandi
752 2668 837 2737 sunt,
868 2665 979 2746 utiquo
1012 2667 1044 2728 ot
1074 2663 1219 2727 benedici
1250 2663 1397 2728 odientes
1427 2674 1458 2729 et
1477 2692 1505 2730 ro

313 2773 393 2837 orari
416 2791 471 2855 pro
497 2771 779 2835 calumniatoribus
803 2771 901 2834 iussit
924 2772 979 2853 qui
999 2789 1052 2835 eos
1071 2771 1184 2835 fratres
1204 2771 1352 2853 deputari
1370 2791 1462 2854 prae-

311 2880 404 2961 cepit.
471 2878 604 2942 ‘Nouam
625 2879 717 2960 plane
736 2879 922 2960 patientiam
943 2877 1035 2941 docet
1055 2876 1211 2952 Christus,
1231 2878 1327 2941 etiam
1354 2879 1461 2942 uicem

310 2986 442 3049 iniuriae
471 2985 619 3050 cohibens
648 2985 837 3066 permissam
862 2988 1052 3060 dorostoro,
1082 2984 1210 3048 oculum
1234 2983 1379 3067 exigente
1403 3005 1460 3066 pro

311 3093 402 3157 oculo
428 3097 459 3156 et
478 3093 603 3157 dentem
622 3111 677 3174 pro
699 3091 801 3168 (lento,
827 3095 936 3156 eontra
953 3094 1022 3174 ipse
1042 3092 1173 3155 altorum
1192 3091 1329 3172 amplius
1349 3093 1462 3155 maxil-

310 3201 374 3264 lam
398 3198 502 3263 offerri
524 3200 636 3262 iubens
658 3202 689 3262 et
709 3217 803 3281 snper
821 3199 963 3261 tunicam
982 3199 1078 3280 pallio
1098 3215 1223 3280 quoquo
1242 3197 1333 3262 cedi)
1352 3198 1459 3279 plane.
1478 3227 1506 3266 a

309 3307 372 3389 (ni)
395 3307 472 3370 haec
493 3305 639 3370 Christus
664 3305 815 3368 adiecerit
832 3309 869 3368 ut
889 3305 1110 3387 supplementa
1132 3310 1341 3369 consentanea
1365 3304 1459 3368 disci-

310 3415 413 3496 plinae
439 3413 599 3475 creatoris.
625 3415 720 3492 atque
745 3411 821 3474 adeo
846 3411 905 3474 hoc
930 3411 1037 3474 statim
1062 3410 1304 3475 renuntiandum
1328 3414 1392 3475 est:
1419 3430 1458 3473 an

400 3535 427 3603 2]
448 3532 522 3586 Hier.
544 3534 586 3596 17,
606 3534 629 3584 5.
666 3533 693 3601 4]
713 3533 757 3584 Ps.
780 3532 838 3591 117.
858 3533 937 3588 8—9.
976 3531 1302 3601 auctoratorum.
1341 3532 1458 3600 13-171

308 3622 373 3677 Luc.
394 3623 418 3686 6,
437 3622 551 3674 27-28.
618 3622 659 3689 14]
680 3621 712 3677 ci.
732 3620 810 3673 Iudd.
831 3622 856 3677 7.
876 3622 892 3674 3
912 3625 940 3675 et
958 3620 1013 3674 Illl
1032 3619 1090 3675 Eur.
1112 3622 1153 3685 15,
1174 3620 1197 3674 1.
1253 3621 1296 3689 18}
1312 3621 1357 3674 Es.
1372 3623 1416 3678 66.
1432 3625 1458 3676 5.

309 3713 353 3780 23]
374 3711 407 3768 ci.
426 3711 508 3764 Exod.
527 3711 572 3772 21,
592 3712 635 3764 24.
691 3711 735 3779 24]
756 3709 789 3764 cl.
809 3711 874 3764 Luc.
894 3711 919 3767 6.
939 3711 982 3763 29.
1001 3711 1100 3764 Mattb.
1120 3713 1145 3776 5,
1164 3710 1279 3764 39-40.

347 3799 555 3870 lprobibentdl
587 3798 921 3868 2aicutEnp:sicetMR
967 3798 1133 3853 ieremiasul
1165 3798 1456 3853 luentesimodecimo

310 3890 424 3957 septimo
445 3887 512 3940 dicit
525 3887 602 3955 Eup:
622 3886 749 3940 CXVllll
764 3887 799 3938 M
818 3887 926 3955 (orbem,
940 3895 971 3941 ot
985 3887 1103 3954 uidetur,
1117 3904 1150 3940 ex
1165 3885 1331 3946 cxv11d=
1343 3887 1456 3953 dicitqf.

312 3981 430 4040 domet)
468 3975 684 4038 lindeumMIt
696 3975 722 4027 in
735 3974 872 4028 dominum
883 3975 999 4038 Pamin
1010 3975 1117 4028 domino
1130 3975 1260 4030 Oeblenrs
1296 3975 1456 4030 bbomiuem

308 4065 344 4127 R,
364 4063 472 4116 homine
493 4064 525 4116 M
580 4063 942 4129 odeun1MR‚d0minum
962 4065 1041 4127 Pom,
1061 4063 1169 4117 domiuo
1192 4063 1319 4118 Oeblerras
1383 4067 1457 4134 prin·

310 4153 414 4221 cipibus
436 4153 565 4205 Oelrlerus
601 4152 779 4221 9exprobare
794 4152 831 4204 M
883 4169 963 4222 quam
982 4152 1029 4215 R³‚
1048 4157 1104 4206 tam
1124 4152 1198 4208 Mle
1235 4155 1269 4206 10
1282 4153 1338 4206 nisi
1356 4153 1458 4206 addidi

312 4243 341 4294 11
364 4241 442 4293 deum
460 4241 496 4302 R,
516 4241 653 4294 dominum
669 4241 704 4294 M
750 4243 781 4295 19
801 4241 1018 4296 maledicentR¹
1061 4243 1096 4295 26
1116 4244 1144 4296 ni
1164 4241 1264 4295 addidi
1312 4243 1347 4296 2?
1368 4259 1401 4296 au
1422 4268 1456 4290 =

309 4345 408 4394 otorano,
429 4335 497 4382 eleon
518 4329 592 4382 nicht
