3250 4959
433 399 494 453 Vll.
513 399 682 454 Aduersus
702 399 903 452 Marcionem
922 397 971 455 lib.
988 397 1046 452 1111
1065 399 1108 452 27.
1277 402 1342 466 515

189 600 310 663 tionem
344 601 376 662 et
408 596 611 661 dilectionem
641 595 703 670 dei,
735 614 774 659 ne
802 593 880 658 haec
909 593 1037 676 quidem
1069 593 1190 677 grauia,
1223 592 1342 659 nedum

110 755 113 758 .
191 703 331 769 decimas
353 707 496 768 rutarum
521 706 553 766 et
571 700 744 766 munditias
764 701 963 766 catinorum?
987 704 1127 765 ceterum
1147 701 1341 766 excusandos

187 811 298 894 potius
331 809 522 884 censuisset,
556 808 584 873 si
616 807 833 889 importabilia
863 809 989 890 portare
1020 825 1083 870 non
1109 811 1251 889 possent
1284 806 1342 872 sed

190 935 270 998 quae
298 935 392 981 onera
420 917 526 980 taxat?
551 932 630 996 quae
654 913 716 996 ipsi
741 913 780 977 de
808 931 868 978 suo
892 913 1134 998 exaggerabant,
1156 912 1340 978 docentes

134 1034 135 1042 ¹
154 1048 168 1085 e
190 1021 384 1088 doctrinas
403 1023 609 1105 praecepta
628 1020 820 1084 bominum
835 1019 1074 1085 commodorum
1088 1039 1220 1085 suorum
1234 1039 1341 1100 causa,

189 1129 357 1214 iungentes
382 1128 511 1193 domum
535 1125 574 1192 ad
598 1128 738 1210 domum,
762 1130 800 1191 ut
822 1145 902 1210 quae
925 1126 1058 1208 proximi
1077 1131 1153 1192 sunt
1171 1127 1340 1206 auferrent,

190 1236 348 1300 calcantes
372 1233 537 1320 populum,
562 1236 704 1298 amantes
733 1252 874 1310 munera,
903 1236 1062 1298 sectantes
1089 1233 1340 1312 retributionem,

190 1341 373 1424 diripientes
396 1339 537 1404 iudicata
560 1358 747 1422 pauperum,
771 1339 820 1404 uti
840 1343 926 1404 esset
946 1338 1012 1404 illis
1031 1337 1131 1404 uidua
1147 1339 1179 1402 in
1199 1340 1340 1424 rapinam

191 1451 224 1511 et
255 1447 397 1531 pupillus
430 1447 463 1512 in
495 1445 655 1529 praedam.
688 1446 727 1510 de
760 1445 877 1529 quibus
905 1445 990 1510 idem
1013 1446 1139 1511 Esaias:
1174 1465 1242 1511 uae
1275 1449 1339 1530 qui

141 1582 170 1622 ιο
189 1553 320 1618 ualent
342 1555 378 1618 in
401 1552 583 1627 israhele,
614 1555 646 1617 et
668 1571 795 1617 rursus:
820 1553 882 1636 qui
913 1571 980 1616 uos
1004 1553 1205 1636 postulant
1227 1551 1340 1618 domi-

189 1664 325 1725 nantur
358 1661 490 1726 uestri.
525 1661 579 1743 qui
612 1660 715 1744 magis
748 1679 843 1743 quam
877 1660 1022 1724 doctores
1054 1659 1158 1744 legis?
1191 1659 1224 1725 hi
1252 1661 1282 1724 si
1309 1665 1341 1726 et

190 1765 317 1832 Christo
350 1765 572 1850 displicebant,
605 1767 642 1830 ut
674 1766 725 1830 sui
753 1764 971 1849 displicebant.
1003 1752 1125 1830 alienae
1152 1765 1235 1830 enim
1259 1766 1339 1851 legis

189 1873 334 1939 doctores
349 1892 410 1938 uon
427 1873 553 1938 omnino
569 1873 740 1958 pulsasset.
788 1871 852 1938 Cur
865 1875 972 1937 autem
987 1877 1068 1937 ‘uae’
1083 1873 1218 1938 audiunt
1232 1872 1339 1948 etiam,

188 1980 274 2062 quod
298 1979 499 2044 aedificarent
521 1980 686 2064 prophetis
709 1980 903 2045 monimenta
924 1979 1125 2064 interemptis
1149 1999 1168 2044 a
1194 1980 1339 2062 patribus

143 2115 172 2155 rs
191 2105 311 2166 eorum,
343 2087 438 2151 laude
466 2087 574 2170 potius
604 2086 702 2171 digni,
736 2087 792 2168 qui
821 2106 857 2151 ex
879 2087 943 2151 isto
972 2105 1065 2169 opere
1087 2086 1218 2170 pietatis
1242 2091 1341 2151 testa·

186 2193 303 2257 bantur
331 2213 365 2260 se
393 2211 454 2258 non
483 2193 660 2259 consentire
688 2192 781 2258 factis
809 2199 948 2277 patrum,
982 2194 1094 2258 sinon
1117 2197 1185 2258 erat
1208 2194 1339 2271 zelotes,

189 2299 315 2382 qualem
334 2304 473 2384 arguunt
490 2299 708 2372 Marcionitae,
728 2298 847 2364 delicta
864 2303 990 2384 patrum
1009 2299 1049 2364 de
1067 2299 1143 2365 filiis
1162 2299 1340 2384 exigentem

186 2405 339 2488 usquein
360 2409 504 2488 quartam
523 2406 746 2471 natiuitatem?
807 2403 910 2484 Quam
934 2423 1010 2471 uero
1035 2405 1158 2471 clauom
1181 2406 1341 2471 habebant

185 2513 267 2596 legis
287 2512 433 2577 doctores
452 2513 514 2577 nisi
533 2513 825 2594 interpretationem
845 2512 949 2598 legis?
968 2513 1007 2578 ad
1027 2513 1120 2578 cuius
1139 2512 1339 2578 intellectum

130 2621 167 2690 ‘20
186 2637 287 2701 neque
319 2618 383 2702 ipsi
414 2617 554 2696 adibant,
592 2639 653 2684 non
691 2619 855 2684 credentes
893 2620 1029 2696 scilicet,
1065 2655 1111 2667 -
1142 2620 1216 2684 nisi
1254 2621 1339 2684 enim

187 2725 445 2805 credideritis,
469 2746 539 2791 non
558 2725 802 2810 intellegetis
826 2762 870 2772 —
894 2745 996 2809 neque
1016 2725 1095 2791 alios
1116 2726 1337 2804 admittebant,

186 2832 235 2895 uti
259 2831 313 2915 qui
337 2831 493 2898 docebant
514 2835 683 2916 praecepta
705 2833 814 2914 potius
839 2835 872 2896 et
893 2832 1052 2898 doctrinas
1075 2832 1253 2899 hominum.
1283 2833 1337 2916 qui

186 2955 262 3020 ergo
285 2956 342 3001 nec
365 2939 453 3022 ipsos
477 2938 673 3003 introeuntes
697 2956 754 3002 nec
778 2938 851 3002 aliis
874 2938 996 3004 aditum
1020 2944 1218 3022 praestantes
1237 2940 1339 3005 incre·

185 3042 292 3124 pabat‚
317 3043 510 3108 obtrectator
527 3044 691 3109 habendus
712 3047 762 3110 est
778 3043 862 3127 legis
881 3063 920 3108 an
938 3044 1064 3109 fautor?
1088 3045 1116 3109 si
1136 3045 1337 3123 obtrectator,

139 3182 168 3222 25
185 3149 309 3233 plaeere
338 3150 493 3215 debebant
522 3151 551 3214 ei
575 3150 793 3233 praeclusores
817 3150 910 3235 legis,
939 3151 967 3216 si
989 3152 1105 3227 fautor,
1132 3151 1195 3215 iam
1220 3169 1282 3216 non
1307 3160 1339 3216 et

185 3256 331 3321 aemulus
362 3257 454 3340 legia.
491 3257 547 3321 sed
575 3257 663 3321 ‘haec
692 3257 796 3322 omnia
830 3258 869 3321 ad
905 3257 1127 3322 infuscandum
1165 3261 1338 3323 creatorem

277 3377 303 3446 l]
320 3377 456 3432 cf.IIoh.
472 3379 496 3447 5,
512 3379 538 3432 3.
574 3378 600 3447 4]
616 3379 715 3432 Matth.
732 3380 773 3446 15,
787 3380 815 3432 9.
835 3379 869 3433 cf.
888 3378 935 3432 Ee.
954 3380 998 3442 29,
1019 3379 1061 3432 13.
1098 3379 1127 3447 6]
1148 3377 1182 3434 cf.
1202 3378 1246 3432 Ee.
1266 3382 1291 3443 5,
1311 3380 1337 3434 8.

187 3465 214 3533 7]
231 3463 364 3534 etuas,
381 3468 421 3525 15.
473 3467 500 3536 8]
516 3467 550 3521 cf.
565 3466 611 3521 Es.
628 3468 669 3529 10,
684 3468 709 3520 2.
760 3467 787 3537 9]
802 3468 929 3535 Amal.
987 3467 1091 3536 loliis.
1107 3467 1181 3527 3,12.
1239 3467 1283 3536 13]
1300 3468 1335 3522 of.

185 3553 308 3619 Luall,
328 3555 443 3610 47-51.
501 3556 543 3626 17]
564 3556 598 3610 cf.
617 3555 699 3610 Erod.
720 3555 763 3619 20,
778 3559 803 3613 5.
860 3556 904 3626 18]
924 3555 1041 3613 cf.Luc.
1063 3557 1107 3619 ll,
1126 3557 1170 3610 52.
1224 3556 1270 3624 20]
1290 3556 1336 3613 Es.

184 3643 212 3711 7,
231 3643 256 3698 9.
310 3643 357 3714 22]
376 3644 410 3701 cf.
430 3644 487 3700 Col.
507 3645 533 3712 2,
553 3645 587 3699 22
607 3645 699 3699 etus.
719 3645 763 3709 29,
785 3645 825 3700 13.

222 3753 238 3804 5
253 3748 389 3803 doctrinas
403 3758 548 3820 praecepta
561 3751 674 3819 empti:
691 3756 839 3820 praecepta
856 3751 993 3805 doctrinas
1007 3751 1069 3806 MR
1105 3752 1122 3805 6
1137 3751 1276 3805 auferrent
1288 3749 1336 3818 Bi,

185 3837 311 3892 auferent
328 3839 402 3894 MR¹
453 3841 468 3894 7
488 3840 624 3894 calcantes
641 3841 740 3909 scripsi
758 3841 874 3908 (alludit
893 3847 991 3895 auctor
1009 3841 1049 3895 ad
1066 3840 1116 3893 Ee.
1138 3843 1164 3903 3,
1183 3843 1235 3892 15.-
1253 3855 1336 3909 quare

186 3928 305 3980 atauus
329 3929 372 3997 [π
395 3935 503 4010 affin
525 3929 558 3983 id
580 3935 619 3984 eat
638 3929 797 3998 deculcatis]
818 3929 948 3999 populum
966 3934 1080 3995 meumt:
1106 3929 1255 3983 clamantes
1274 3927 1337 3983 MR

185 4035 220 4087 10
238 4033 354 4088 israhele
372 4035 443 4104 MR,
463 4035 633 4089 Hierusalem
647 4035 720 4088 Pam
756 4036 788 4089 ll
805 4036 930 4090 doctores
944 4035 1013 4106 legis
1028 4036 1070 4100 M,
1084 4035 1154 4104 legis
1170 4035 1294 4089 doctores
1308 4035 1337 4090 R

184 4121 270 4191 eulpa
323 4123 352 4176 hi
366 4123 389 4176 si
404 4123 439 4189 R,
453 4123 494 4176 hii
508 4123 532 4176 si
545 4121 580 4185 F,
596 4123 624 4176 in
639 4123 662 4175 ai
677 4122 714 4176 Μ
747 4125 782 4176 22
797 4125 838 4175 uti
854 4123 899 4192 qui
913 4124 1028 4191 scripsi:
1044 4123 1139 4192 utique
1153 4122 1225 4182 MR,
1240 4122 1336 4191 utique

180 4209 341 4280 <qni>Eap
396 4209 529 4264 docebant
547 4209 629 4272 Mna
650 4211 778 4264 docentes
798 4210 930 4280 R³auipo
971 4211 1005 4264 23
1026 4210 1184 4280 increpabat
1202 4210 1240 4263 M
1255 4216 1284 4282 (p
1303 4227 1337 4265 aa·

184 4299 292 4356 bom.
312 4305 336 4366 1)
391 4300 426 4354 25
446 4300 471 4352 ei
490 4301 601 4368 ecrapai:
621 4303 649 4353 et
667 4299 728 4354 MR
801 4317 856 4353 uon
876 4309 926 4353 est
943 4301 1052 4354 mauult
1070 4300 1135 4370 Jeep

1246 4406 1297 4460 33*
