3250 4959
861 1087 931 1153 Vll.

643 1210 863 1277 ADVERSVS
887 1209 1144 1278 MARCIONEM
1473 1294 1475 1298 ¹

748 1331 849 1386 nram
868 1331 1042 1399 ovrnavn.

736 1526 865 1581 LIBER
884 1527 1051 1582 PRIMVS.

365 1658 393 1723 l.
420 1617 460 1719 Si
490 1654 568 1738 qnid
594 1658 677 1718 retro
711 1657 838 1736 gestum
873 1657 923 1718 est
954 1654 1046 1719 nobis
1080 1655 1235 1722 aduersus
1264 1654 1467 1730 Marcionem,
1499 1681 1511 1716 s
1613 1679 1614 1732 3

319 1763 383 1828 iarn
407 1763 480 1827 hino
504 1759 629 1826 uiderit
657 1779 772 1825 nouam
796 1779 863 1824 rem
888 1759 1090 1844 adgredimur
1117 1780 1153 1826 ox
1180 1763 1300 1826 uetere.
1328 1761 1467 1844 primum

318 1870 510 1952 opuseulum
526 1867 617 1949 qnasi
630 1869 831 1950 properatum
848 1866 988 1949 pleniore
1002 1869 1113 1949 postea
1129 1867 1360 1948 compositione
1375 1868 1468 1932 resei-

319 1975 435 2040 deram.
455 1975 535 2038 hanc
554 1960 680 2056 qnoque
697 1972 838 2037 nondum
857 1972 1057 2054 exemplariis
1077 1973 1242 2038 suffectam
1262 1972 1373 2038 fraude
1391 1977 1467 2036 tunc

316 2081 434 2159 fratris,
455 2080 570 2145 dehinc
589 2082 763 2163 apostatae,
784 2079 888 2155 amisi,
908 2079 962 2161 qui
981 2079 1062 2144 torte
1081 2078 1293 2162 descripserat
1311 2080 1464 2163 quaedam

317 2187 561 2253 mendosissime
585 2189 618 2250 et
641 2185 782 2251 exhibuit
801 2186 1009 2268 frequentiae.
1035 2184 1267 2250 emendationis
1291 2187 1465 2251 necessitas
1484 2211 1509 2250 ro
1614 2217 1615 2240 ι

313 2295 397 2360 facta
420 2299 470 2360 est
491 2293 714 2358 innonationis.
742 2293 811 2357 eius
837 2292 960 2358 occasio
990 2292 1112 2374 aliquid
1141 2291 1263 2357 adicere
1292 2294 1459 2375 persuasit.

313 2402 359 2466 ita
380 2402 475 2466 stilus
497 2402 560 2466 iste
583 2419 666 2465 nunc
690 2399 728 2465 de
756 2400 895 2465 secundo
919 2399 1034 2464 tertius
1059 2402 1090 2463 et
1114 2399 1151 2464 de
1175 2399 1270 2464 tertio
1296 2399 1360 2463 iam
1389 2399 1462 2463 hinc

311 2508 432 2590 primus
466 2506 549 2571 hune
583 2506 731 2589 opusculi
764 2507 815 2571 sui
848 2507 966 2570 exitum
999 2505 1178 2571 necessario
1212 2506 1384 2589 praefatur,
1422 2523 1461 2568 ne

311 2633 407 2698 quem
430 2613 569 2678 uarietas
593 2613 662 2678 eins
685 2613 718 2676 in
742 2612 884 2695 disperso
909 2615 1034 2694 reperta
1057 2611 1237 2678 contundat.

356 2721 478 2786 Pontus
497 2720 605 2804 igitur,
625 2719 680 2802 qni
693 2719 834 2785 Eurinus
855 2723 967 2783 natura
986 2722 1130 2803 negatur,
1150 2719 1276 2783 nornine
1294 2718 1460 2783 inluditur.
1481 2744 1503 2784 u

313 2830 452 2892 cetemm
476 2826 666 2910 hospitalem
690 2826 826 2890 Pontum
851 2844 908 2890 nec
932 2825 969 2890 de
993 2825 1058 2889 situ
1083 2826 1248 2902 aestimem
1272 2826 1318 2889 ita
1341 2825 1379 2890 ab
1405 2825 1461 2889 hn-

350 3021 360 3073 l
381 3017 521 3073 INCIPIT
540 3017 726 3072 ADVERSVS
745 3015 912 3071 nanclart
930 3015 1040 3070 LlBlllt
1058 3016 1192 3071 PRIMVS
1211 3016 1253 3086 Μ,
1273 3017 1375 3087 Incipit
1391 3018 1461 3072 liber
1613 3003 1616 3078 l

311 3108 414 3179 primns
434 3106 466 3173 Q.
481 3107 596 3177 Septimi
611 3105 747 3160 Plorantis
761 3105 923 3159 Tertulliani
942 3104 1072 3160 aduersus
1090 3106 1253 3160 Marcionem
1272 3105 1303 3159 F
1357 3108 1389 3161 10
1407 3108 1460 3159 tre·
1615 3103 1616 3106 ’

312 3185 449 3266 quentiae.
469 3196 666 3250 emendationis
684 3195 720 3262 a,
743 3194 880 3263 frequenti
898 3193 1112 3248 aemendationis
1131 3195 1172 3264 M,
1197 3195 1365 3264 frequentiae
1385 3213 1459 3250 men-

313 3285 431 3339 dationis
459 3285 490 3339 F
560 3285 590 3337 ll
626 3285 699 3336 lacta
732 3288 782 3336 est.
814 3285 1002 3336 innodationis
1033 3284 1117 3352 nnlpo
1197 3284 1229 3336 12
1262 3282 1461 3353 Sinputarrlaus

311 3375 395 3429 taison
418 3375 509 3443 operis
527 3375 612 3442 fatis,
636 3391 707 3442 qaae
733 3374 779 3427 hie
805 3380 922 3428 enarrat
950 3373 1149 3440 Tertullianus,
1168 3375 1280 3442 sactum
1302 3390 1357 3428 esse
1380 3382 1458 3442 poso,

311 3471 343 3517 at
371 3464 450 3517 troad
475 3479 543 3517 roro
566 3463 743 3517 desecanda
769 3463 889 3516 editione
916 3479 935 3514 a
961 3464 1053 3516 inscio
1084 3477 1138 3531 qao
1169 3463 1201 3516 in
1228 3465 1460 3531 comparationes

310 3559 413 3606 uocata
432 3553 530 3619 ateana
548 3553 671 3605 intrans
689 3552 799 3604 tertiam
819 3551 1024 3616 trarmrrreorint.
1043 3552 1227 3606 incortinatur
1244 3553 1323 3619 enim,
1338 3551 1370 3604 id
1386 3553 1460 3620 quood

306 3641 417 3708 priores
434 3639 551 3693 editores
570 3639 681 3692 omnino
693 3638 801 3707 supinae
818 3638 937 3703 uidetur,
957 3639 1001 3692 tic
1018 3640 1079 3693 illic
1096 3640 1154 3692 eina
1172 3637 1341 3693 condiciones
1355 3639 1416 3706 loci,
1428 3642 1459 3694 in

309 3729 408 3798 paritas
431 3729 526 3782 eodem
552 3735 716 3795 arpumenta
735 3732 760 3781 et
779 3727 890 3780 breniae
913 3733 938 3781 et
962 3727 1099 3796 copiosius
1121 3727 1253 3782 edisserta
1274 3733 1458 3794 compareant.

308 3818 357 3871 sed
375 3835 436 3871 earn
445 3818 608 3885 pleramque
621 3815 745 3884 dnnosei
758 3817 816 3869 iam
829 3833 885 3869 non
903 3817 992 3883 liceat,
1007 3817 1202 3886 prooemiaris,
1216 3831 1288 3884 areae
1296 3816 1460 3884 posterioris

308 3904 1458 3973 sinteditionissatrslaadaiinaerbornmcontestnqnaedaplietfornaoonipoaita

272 4006 276 4011 ’
304 3997 489 4064 proferrentur
508 3995 587 4048 tineis
605 3994 785 4048 nertioalilras
797 3994 947 4060 irooludere,
961 3995 1082 4063 marpini
1095 3995 1190 4062 priore
1204 3995 1262 4048 loco
1275 3994 1391 4061 adamate
1403 3991 1457 4058 (C).

303 4085 456 4151 posteriore
466 4082 640 4150 antisipmate
651 4092 657 4136 l
664 4082 696 4147 O)
707 4082 856 4150 adscnpto.
867 4082 1095 4150 interpolationes
1109 4089 1208 4149 autern,
1222 4080 1379 4135 necessitate
1387 4098 1455 4149 paa-

310 4171 375 4225 dam
388 4175 466 4224 ortas
479 4171 508 4224 in
524 4170 577 4223 hae
590 4187 681 4224 rernm
696 4171 863 4234 condicione,
873 4177 904 4224 nt
918 4175 944 4224 et
960 4171 1036 4228 alibi.
1046 4171 1157 4224 uncinis
1166 4171 1273 4225 seclusi.
1317 4171 1349 4223 lt
1363 4171 1457 4242 igitur,

307 4261 355 4319 oni
370 4258 417 4322 12³,
434 4259 480 4328 qni
495 4259 581 4328 igitur
595 4258 677 4327 MR¹,
692 4260 739 4328 qui
753 4259 919 4328 dicitnrltip
973 4265 1072 4312 natura
1085 4258 1187 4314 om.1t¹
1226 4258 1458 4328 ldospitalemllt
