3250 4959
291 400 334 467 28
519 398 637 465 Quinti
656 398 798 470 Septimi
817 398 987 456 Florentio
1005 398 1211 456 Tertulliani

291 592 448 665 haereseo,
481 593 520 657 cd
552 592 633 661 hunc
665 594 799 659 marimo
832 594 1050 678 quaestionem
1083 596 1357 680 praeetruendnm
1388 599 1438 663 uti

291 717 374 765 nuno
394 699 432 765 do
451 699 520 765 solu
537 698 640 765 curnis
658 699 889 766 resurrectione
907 701 953 766 itu
969 700 1178 787 digerendum
1196 702 1250 781 eit,
1273 707 1438 788 tumqnem

290 820 387 889 poree
410 822 468 871 noe
491 822 618 888 qnoque
640 804 769 885 incerte,
794 806 828 870 id
850 808 901 871 eet
921 824 1017 890 penes
1041 811 1225 889 cretionem,
1246 841 1292 857 -
1309 828 1382 875 num
1406 815 1439 875 et

291 911 386 977 multi
403 911 499 977 rudes
518 914 551 977 et
569 911 711 997 plerique
725 905 859 979 euclide
877 911 967 977 dubii
985 916 1019 978 et
1037 914 1201 997 eimpiicoe
1219 916 1338 999 plures,
1357 934 1438 1000 quoe

291 1019 407 1084 instrui
425 1017 518 1101 dirigi
542 1018 658 1085 muniri
681 1018 841 1103 oportebit
854 1052 897 1066 -
911 1020 986 1103 quic
1009 1024 1043 1085 el
1063 1021 1132 1104 (ex)
1156 1021 1217 1087 hoc
1238 1020 1339 1088 lutere
1361 1025 1437 1089 unio
1469 1050 1486 1091 r

292 1125 471 1191 diuinitatis
500 1124 696 1191 defendetur.
725 1126 810 1191 sicut
837 1125 922 1192 enim
946 1130 1061 1211 uegeta
1083 1127 1185 1193 cornie
1208 1130 1440 1197 rerurrectione

292 1231 484 1311 concutitur,
526 1231 572 1298 ita
613 1231 776 1298 uindicata
810 1232 1044 1299 conetebilitur.
1084 1233 1208 1300 euimec
1227 1284 1230 1314 ÷
1246 1237 1353 1301 eutem
1391 1256 1441 1302 ee·

291 1338 392 1405 lutem
430 1337 522 1403 credo
558 1340 732 1405 retractatu
768 1353 885 1405 curere.
924 1356 1033 1405 omnes
1065 1340 1150 1405 enim
1185 1339 1252 1407 iere
1281 1340 1441 1408 haeretici

292 1461 372 1524 eum.
406 1443 655 1531 quoquomodo
684 1445 808 1523 uolunt,
841 1447 949 1510 tumen
972 1464 1035 1511 non
1057 1450 1184 1531 negant.
1217 1447 1336 1514 uiderit
1356 1468 1439 1515 unue

293 1550 391 1635 aliqui
414 1550 561 1617 Lucanus
594 1570 652 1617 nec
682 1550 757 1617 huic
788 1551 927 1633 quidem
947 1551 1146 1618 substantioe
1169 1568 1310 1637 purcene,
1343 1572 1440 1637 quern
1459 1581 1484 1617 ro

293 1658 469 1724 secundum
491 1657 698 1726 Aristotelem
722 1657 903 1723 deuoluere
935 1656 1024 1723 aliud
1056 1658 1134 1743 quid
1160 1673 1217 1744 pro
1245 1678 1284 1725 ee
1310 1660 1440 1742 subicit,

292 1764 424 1830 tertium
452 1763 604 1848 quiddam
630 1767 879 1841 resurrecturus,
906 1782 1008 1847 neque
1035 1765 1142 1831 anime
1167 1785 1271 1849 neque
1295 1782 1379 1847 cero,
1406 1766 1441 1832 id

295 1875 345 1937 oet
375 1890 436 1937 non
469 1872 576 1949 homo,
610 1870 665 1937 sed
697 1886 792 1936 ureus
826 1870 969 1951 forsitan,
1004 1883 1067 1956 que
1088 1872 1247 1939 Lucaque.
1280 1872 1376 1940 hobet
1408 1877 1441 1939 et

292 1977 355 2043 iste
378 1976 505 2045 euobis
525 1976 748 2061 plenissimum
766 1976 816 2043 ‘do
835 1978 923 2044 omni
940 1980 1029 2043 etetu
1048 1978 1182 2045 uuimee'
1200 1978 1321 2045 etllum.
1343 1993 1441 2063 quum

293 2084 438 2169 inprimis
471 2084 683 2151 immortalem
716 2087 853 2162 tuentes,
890 2085 992 2152 ocliue
1030 2085 1133 2152 cornio
1166 2088 1199 2151 et
1229 2085 1439 2152 defectionem
1459 2110 1485 2152 ιι

295 2191 498 2274 agnoscimur
522 2196 560 2255 ‘ei
586 2191 790 2257 refectionem
819 2208 893 2257 cum
921 2191 1056 2257 murime
1080 2191 1270 2272 adeerimue,
1302 2191 1439 2259 reductio

294 2297 325 2360 in
355 2296 546 2363 ordinarium
573 2298 725 2363 materiae
753 2314 870 2383 corpue
898 2297 926 2363 ei
952 2317 1016 2382 que
1038 2302 1072 2363 et
1094 2297 1171 2363 alibi
1192 2317 1249 2383 pro
1272 2314 1440 2365 coueerum

294 2404 473 2470 incursione
495 2404 683 2488 preertrictu
705 2406 905 2472 distulimue.
936 2424 1009 2472 uam
1036 2408 1075 2471 ut
1096 2405 1252 2489 quaedem
1274 2405 1442 2490 praelibari

296 2510 447 2578 eodemne
478 2514 538 2589 eet,
571 2511 617 2577 ite
649 2516 682 2577 et
708 2512 828 2578 differri
851 2530 983 2579 necesse
1004 2516 1066 2591 eet,
1100 2512 1273 2580 dummodo
1297 2516 1332 2579 et
1352 2530 1441 2597 pree·

294 2616 395 2684 libate
435 2618 643 2704 supplerentur
684 2636 742 2685 suo
785 2636 914 2703 corpore
955 2624 989 2684 et
1030 2618 1129 2685 diluta
1165 2618 1340 2685 'redduntur
1380 2633 1441 2687 cuo
1458 2644 1485 2686 ro

295 2740 432 2791 nomme.

340 2832 370 2896 8.
397 2830 458 2897 Est
489 2830 617 2914 quidem
650 2836 683 2898 et
711 2831 749 2897 de
778 2830 1001 2897 communibus
1030 2830 1177 2899 sensibue
1199 2846 1311 2916 erpere
1332 2832 1365 2897 in
1390 2832 1441 2897 dei

294 2934 400 3017 rebus.
424 2936 481 3003 eed
502 2937 536 3003 in
558 2938 779 3004 testimonium
797 2938 877 3017 ueri,
901 2953 962 3004 non
980 2938 1013 3002 in
1032 2938 1226 3005 adiutorium
1244 2937 1330 3018 fulsi,
1354 2939 1440 3022 quod

295 3044 338 3109 rit
369 3043 545 3110 secundum
578 3044 729 3125 diuinam,
765 3062 827 3111 non
863 3048 973 3111 contre
1007 3044 1149 3111 diuinum
1184 3044 1440 3129 dispositionem.

295 3149 448 3232 quaedem
481 3150 565 3217 euim
593 3157 626 3219 et
652 3155 766 3217 nutura
791 3154 868 3217 notu
889 3155 975 3231 eunt,
1007 3155 1045 3217 ui
1066 3152 1291 3218 immortulitre
1315 3151 1440 3217 cuimee
1457 3176 1483 3219 u

294 3275 390 3339 penes
428 3258 545 3339 plures,
582 3262 621 3323 ui
657 3258 735 3325 dene
769 3261 877 3324 noster
909 3277 1005 3340 penes
1038 3278 1157 3324 omnee.
1195 3262 1267 3324 utnr
1297 3277 1373 3344 ergo
1407 3262 1440 3324 et

328 3500 541 3573 luigerendum
559 3502 598 3557 eit
614 3502 650 3573 B,
668 3498 848 3573 digercndum
865 3502 903 3556 eit
920 3498 958 3565 F,
976 3500 1098 3571 digeram
1116 3498 1180 3557 PM
1226 3502 1311 3557 dnoe
1329 3516 1438 3573 quoque

292 3593 397 3647 incerte
419 3593 448 3647 id
472 3596 515 3647 eet
535 3592 572 3662 B,
594 3609 645 3647 noe
669 3608 777 3663 quoque
798 3592 930 3646 incertum
953 3591 998 3646 uei
1020 3590 1057 3655 F,
1081 3608 1130 3646 noe
1153 3592 1286 3646 incertum
1309 3591 1373 3646 dum
1400 3593 1439 3647 eit

294 3698 402 3751 quoque
420 3684 523 3737 cerium
541 3682 606 3738 PM
670 3682 686 3735 3
702 3680 882 3749 purmileein
900 3680 1030 3735 indicaui
1096 3683 1114 3734 4
1132 3696 1201 3736 caue
1217 3687 1304 3735 mulce
1321 3680 1391 3751 quid
1406 3680 1438 3734 iu

293 3770 391 3825 ordine
412 3770 565 3825 ceruorum.
589 3768 713 3839 iutelleqe
735 3770 823 3824 mm:
844 3768 922 3838 ciclo,
944 3770 1006 3824 celer
1027 3768 1094 3824 ciclo
1115 3767 1178 3825 und
1197 3768 1269 3824 noch
1289 3770 1378 3835 eudon·
1399 3772 1436 3839 cs.

291 3876 318 3929 p.
335 3860 376 3919 31.
400 3860 425 3911 5.
445 3860 473 3912 6.
491 3858 575 3927 (moy)
631 3860 695 3913 der
714 3858 779 3913 add.
798 3858 864 3930 Enq
943 3860 961 3913 c
979 3854 1137 3913 defenditur
1152 3856 1184 3913 F
1237 3858 1255 3913 8
1273 3860 1436 3913 retrectatue

292 3970 327 3995 =
346 3947 461 4016 Zrocifei
548 3948 566 4001 9
585 3944 719 4016 quomodo
737 3942 801 4003 Plu
899 3946 933 4000 12
950 3946 1083 4010 serrium,
1099 3944 1229 4017 quiddem
1247 3946 1283 4016 B,
1306 3944 1437 4016 quiddam

292 4034 383 4092 PMF
434 4040 631 4091 resurrecturus
647 4034 711 4093 liei:
728 4042 941 4091 resurrecturum
955 4034 1047 4090 PMF
1095 4036 1127 4090 13
1146 4050 1201 4107 que
1215 4034 1282 4091 (dele
1297 4038 1437 4107 temquum

291 4124 408 4180 PMFB
482 4126 515 4180 14
533 4120 637 4193 stilum,
655 4142 735 4195 quern
753 4124 838 4196 uuiqo
912 4126 945 4180 15
964 4128 992 4179 et
1010 4124 1192 4179 delectionem
1207 4124 1390 4193 tegnoeoinrne
1409 4130 1438 4180 et

290 4212 477 4278 reiectionem
495 4212 530 4284 Β,
549 4216 577 4268 et
596 4212 778 4269 deiectionem
796 4212 888 4268 PMF
960 4216 996 4268 22
1015 4213 1049 4267 de
1068 4212 1253 4268 communibne
1270 4212 1346 4282 FR³,
1364 4226 1436 4268 com·

291 4300 417 4358 munibus
431 4304 460 4359 P
474 4304 517 4374 (iu
534 4318 600 4374 inq:
617 4301 685 4357 ulios
704 4302 738 4356 de
756 4302 953 4366 communione)
969 4300 1047 4357 R¹M
1060 4297 1137 4369 (odd.
1157 4297 1191 4355 de
1207 4316 1231 4356 e.
1248 4314 1278 4355 u.
1295 4314 1330 4355 m.
1348 4304 1373 4368 Ι)
1439 4339 1444 4347 -
