3250 4959
357 362 418 416 Vll.
437 363 606 417 Aduersus
625 364 826 417 Marcionem
846 364 893 418 lib.
913 364 926 416 l
945 365 1059 417 26-28.
1219 369 1283 432 329

133 558 319 622 adulantius
334 577 429 639 quam
449 558 564 623 delicta
582 578 642 622 non
663 559 796 640 exequi?
820 578 877 642 age
896 559 1014 642 itaque,
1035 560 1087 641 qui
1110 560 1202 624 deum
1223 581 1283 626 nou

133 666 230 729 times
260 665 351 746 quasi
379 665 507 744 bonurn,
541 666 621 747 quid
648 685 708 730 non
737 667 768 729 in
802 685 925 730 ornnem
959 665 1122 730 libidinem
1157 665 1284 743 ebullis,

133 791 309 836 summum.
334 771 548 853 quodetiam,
572 773 711 836 fructum
736 773 823 836 uitae
847 772 1003 850 omnibus,
1028 773 1082 854 qui
1106 772 1198 836 deum
1223 792 1284 836 non

131 879 269 942 timent?
300 878 376 959 quid
403 896 463 942 non
491 879 672 960 frequentas
700 882 765 943 tem
798 878 970 943 sollemnes
998 879 1181 960 uoluptates
1209 880 1284 944 circi

99 985 269 1048 clarentis
294 987 327 1047 et
345 1000 459 1048 caueae
482 985 655 1050 saeuientis
674 988 709 1048 et
728 1003 860 1050 scaenae
883 984 1099 1050 lasciuientis?
1124 985 1199 1066 quid
1223 1005 1284 1050 non

132 1091 220 1154 etin
250 1091 525 1174 persecutionibus
554 1093 664 1155 statim
693 1091 799 1156 oblate
823 1110 928 1155 acerra
956 1091 1091 1156 animam
1117 1093 1283 1175 negatione

130 1197 289 1262 lucraris?
330 1197 426 1272 absit,
458 1199 574 1279 inquis,
608 1198 705 1263 absit!
740 1218 814 1281 ergo
842 1199 905 1262 iam
938 1198 1032 1262 times
1066 1199 1218 1264 delictum
1253 1205 1283 1263 et

132 1304 276 1368 timendo
303 1304 444 1386 probasti
474 1304 567 1368 illum
595 1305 711 1380 timeri,
745 1307 800 1386 qui
823 1304 969 1387 prohibet
992 1305 1155 1370 delictum.
1197 1305 1286 1370 aliud

132 1416 196 1487 est,
229 1411 256 1475 si
285 1411 394 1475 eadem
424 1412 474 1476 dei
502 1412 551 1474 tui
579 1413 788 1493 peruersitate
813 1430 893 1492 quae
917 1431 977 1476 non
1002 1414 1096 1476 times
1120 1413 1282 1488 obseruas,

85 1539 113 1577 1⁰
132 1522 250 1600 quaet
268 1517 321 1581 ille
342 1517 426 1599 quod
444 1537 504 1582 non
523 1518 667 1582 uindicat
685 1519 842 1601 prohibet.
858 1553 900 1564 —
916 1520 1019 1583 multo
1035 1518 1137 1582 adbuc
1157 1519 1281 1594 uanius,

130 1644 207 1688 cum
220 1626 420 1708 interrogati:
446 1625 522 1706 quid
537 1624 592 1688 liet
609 1626 768 1707 peccatori
787 1625 901 1706 cuique
922 1625 972 1688 die
991 1624 1069 1688 illo?
1093 1625 1285 1705 respondent

130 1731 216 1795 abici
247 1730 350 1794 illum.
376 1734 459 1812 qua?
483 1732 511 1795 si
538 1731 577 1794 ab
602 1731 715 1806 oculis,
739 1750 840 1795 nonne
869 1735 901 1794 et
924 1731 984 1794 boc
1011 1729 1128 1794 iudicio
1153 1731 1282 1814 agitur?

130 1837 295 1901 iudicatur
313 1837 396 1901 enim
421 1836 616 1912 abiciendus,
642 1843 674 1900 et
697 1837 807 1919 utique
832 1837 950 1902 iudicio
971 1836 1196 1912 damnationis3
1221 1837 1283 1900 nisi

131 1945 159 2007 si
180 1944 212 2006 in
233 1944 370 2006 salutern
390 1943 527 2007 abicitur
541 1947 698 2026 peccator,
717 1949 756 2008 ut
770 1947 802 2008 et
817 1945 877 2008 hoc
897 1945 955 2009 deo
976 1944 1096 2025 optimo
1117 1949 1285 2026 competat:

88 2064 112 2104 ¹⁵
131 2057 166 2113 et
194 2049 270 2132 quid
300 2050 360 2113 erit
386 2051 479 2124 abici,
503 2050 565 2114 nisi
589 2051 735 2114 amittere
762 2052 806 2126 id,
832 2051 915 2132 quod
946 2055 1013 2115 erat
1042 2055 1281 2116 consecuturus.

132 2157 161 2220 si
181 2175 245 2220 non
267 2157 454 2233 obiceretur,
473 2157 506 2220 id
526 2161 576 2221 est
595 2158 753 2220 salutem?
774 2176 848 2238 ergo
869 2157 982 2220 salutis
1001 2157 1033 2221 in
1058 2157 1282 2222 detrimentum

132 2263 304 2341 obicietur,
336 2269 369 2328 et
394 2264 455 2327 boo
480 2263 605 2328 decerni
629 2283 689 2327 non
715 2264 832 2345 poterit
856 2264 917 2328 nisi
942 2263 979 2327 ab
1004 2264 1084 2326 irato
1109 2267 1142 2327 et
1165 2264 1285 2328 offenso

133 2375 166 2434 et
191 2374 357 2434 executore
381 2370 502 2446 delicti,
526 2371 559 2434 id
583 2373 633 2434 est
654 2369 769 2433 iudice.

179 2479 235 2542 28.
266 2478 378 2541 Exitus
415 2481 521 2541 eutem
554 2478 603 2541 illi
636 2477 759 2540 abieoto
793 2477 886 2558 quis?
920 2477 968 2539 ‘ab
1001 2476 1090 2559 igni‘,
1123 2476 1281 2557 inquiunt.

87 2602 113 2640 ee
131 2584 296 2648 ‘creatoris
321 2583 592 2665 deprelreudetur’.
613 2583 731 2647 adeone
750 2582 873 2646 nullum
893 2583 990 2646 habet
1013 2583 1205 2646 elementum
1231 2585 1281 2647 uel

132 2694 164 2755 in
191 2691 272 2755 hano
294 2709 423 2754 eausam
448 2691 624 2771 prouisum,
654 2709 715 2771 quo
739 2693 921 2770 peccatores
947 2709 1022 2754 suos
1048 2689 1100 2753 uel
1124 2690 1192 2752 sine
1216 2708 1282 2753 sae·

132 2798 217 2862 uitia
233 2799 366 2879 releget,
385 2815 423 2860 ne
442 2796 515 2860 illos
536 2795 632 2859 dedat
650 2796 803 2860 creatori?
824 2796 900 2877 quid
919 2799 994 2859 tuno
1015 2799 1158 2860 creator?
1179 2795 1281 2872 credo,

133 2903 403 2985 sulphuratiorem
428 2903 474 2965 eis
499 2904 673 2986 gehennam
697 2903 905 2985 praeparabit,
936 2907 972 2966 ut
995 2902 1190 2984 blasphemis
1215 2904 1282 2966 suis

134 3009 275 3086 scilieet3
299 3009 361 3072 nisi
380 3009 463 3090 qnod
489 3008 567 3072 deus
592 3009 709 3073 zelotes
735 3011 909 3073 fortassean
934 3009 1150 3073 desertoribus
1175 3009 1283 3072 aduer-

88 3117 211 3181 1111111
249 3117 299 3180 sui
333 3119 450 3198 parcat.
493 3134 510 3178 o
544 3115 639 3180 deum
671 3134 899 3197 usquequaque
933 3134 1128 3198 peruersum,
1166 3116 1283 3196 ubique

133 3222 364 3288 inrationalem.
392 3223 423 3285 in
454 3223 599 3286 omnibus
628 3242 755 3291 uanum.
785 3230 880 3304 atque
908 3223 954 3286 ita
982 3223 1153 3286 neminem!
1192 3223 1283 3286 euius

134 3349 197 3394 non
214 3334 346 3405 statum,
366 3347 425 3392 non
442 3329 668 3406 condicionem,
689 3348 749 3392 non
769 3333 925 3406 naturam,
941 3347 999 3392 non
1020 3329 1121 3392 ullum
1144 3329 1283 3392 ordinem

134 3437 230 3500 uideo
253 3437 438 3517 consistere,
462 3437 524 3498 iarn
549 3455 605 3500 nec
628 3437 736 3517 ipsum
759 3435 833 3499 fidei
858 3436 925 3500 eius
951 3439 1193 3500 sacramentum.
1233 3434 1283 3499 cui

136 3543 219 3607 enim
247 3544 293 3606 rei
321 3543 480 3624 baptisma
509 3561 634 3625 quoque
663 3543 746 3624 apud
781 3563 852 3606 eurn
885 3543 1041 3626 exigitur?
1080 3544 1107 3606 si
1139 3542 1283 3607 remissio

173 3717 187 3770 1
207 3719 270 3786 lege
287 3719 381 3786 itaque
399 3718 429 3770 F
484 3720 501 3771 4
520 3720 583 3772 circi
601 3719 717 3772 furentis
735 3719 847 3780 MR36,
868 3719 1099 3773 circurnfurenteis
1118 3717 1165 3782 R¹,
1186 3719 1283 3772 circum

134 3808 250 3861 ferentis
267 3805 298 3859 F
354 3809 458 3876 {lquere
476 3808 589 3876 scripsi:
610 3824 688 3876 quern
709 3807 771 3861 MR
835 3810 866 3862 ll
889 3808 1091 3862 [1111111111.-
1113 3806 1283 3862 deiillorurn

135 3895 198 3950 MR
268 3895 435 3964 respondent
448 3897 514 3957 (scil.
531 3897 721 3950 Marcionitae
735 3899 769 3963 ct'.
786 3901 854 3960 328,
870 3899 905 3948 18
918 3899 984 3964 sqq.)
999 3895 1068 3958 MR,
1082 3895 1285 3964 respondebunt

136 3986 194 4038 Lat
249 3985 282 4038 12
301 3985 373 4039 abici
390 3985 478 4038 illurn,
498 3986 569 4054 que?
589 3986 612 4038 si
632 3987 664 4038 ab
680 3987 773 4049 oculis,
788 4003 878 4038 nonne
893 3987 1005 4052 scripsi:
1025 3985 1094 4038 abici
1113 3984 1190 4036 illum
1207 3984 1283 4052 quasi

137 4074 172 4126 ab
190 4073 285 4127 oculis.
303 4090 393 4127 nonne
412 4075 495 4142 culpo
539 4075 572 4127 13
586 4075 639 4127 nisi
654 4074 676 4127 si
690 4074 760 4137 er',
775 4075 828 4128 nisi
843 4074 870 4128 R
918 4076 949 4126 14
964 4073 1081 4126 abicitur
1095 4072 1136 4140 M,
1152 4071 1285 4126 abiciatur

138 4164 173 4224 R,
191 4163 326 4216 obicietur
344 4162 374 4214 F
428 4163 460 4216 19
479 4163 536 4231 igni
556 4164 599 4222 M,
619 4165 681 4232 igne
701 4165 729 4218 R
778 4165 812 4217 23
832 4163 1058 4232 sulphuratiorem
1074 4162 1122 4224 Rl,
1141 4161 1284 4230 sulphura·

135 4260 227 4305 torrem
246 4251 289 4316 M,
309 4250 541 4319 sulphurationeru
560 4251 600 4306 R¹
673 4251 910 4320 praeparabitur,
930 4251 1103 4320 praeparauit
1122 4249 1194 4304 MR¹
