3250 4959
329 433 394 496 580
575 424 691 491 Quinti
710 424 852 495 Septimi
869 425 1041 480 Florentia
1060 424 1261 480 Tertulliani

331 623 520 691 sustinuerit
543 622 684 688 seruiens
704 622 847 687 creatori.
873 621 925 686 cui
943 625 1050 686 autern
1067 620 1114 686 rei
1132 619 1223 685 misit
1238 620 1342 684 tilium
1361 621 1480 684 sunm?

330 736 373 800 ut
395 751 470 809 eos,
496 731 559 813 qui
583 728 651 794 sub
675 728 759 813 lege
779 732 896 794 erant.
919 727 1254 794 redimeret—hee
1277 729 1392 792 estut
1415 724 1482 790 cffi-

332 842 417 906 ceret
439 840 615 906 tortuosa
637 835 673 900 in
697 836 793 900 uiam
818 837 962 899 rectam
986 837 1022 898 et
1045 851 1177 916 aspera
1199 833 1236 898 in
1259 833 1344 898 uine
1373 833 1482 897 leues

332 945 507 1013 secundnm
532 944 670 1022 Esaiam,
694 946 731 1008 ut
754 946 864 1008 uetera
885 943 1058 1008 transirent
1080 945 1113 1007 et
1130 960 1214 1008 noua
1231 941 1406 1006 orirentur:
1424 941 1484 1005 lex

331 1074 427 1122 nona
450 1073 490 1120 ex
514 1052 601 1120 Sion
626 1055 662 1117 et
685 1069 805 1117 sermo
831 1048 971 1116 domini
995 1068 1036 1114 ex
1054 1049 1295 1114 Hierusalem
1318 1053 1418 1114 -et
1440 1054 1482 1112 nt
1510 1067 1523 1106 ι

333 1161 575 1247 adoptionem
600 1159 769 1224 liliorum
793 1157 1062 1241 acciperemus,
1086 1156 1197 1239 utique
1220 1155 1377 1235 nationes,
1402 1174 1483 1240 quac

331 1269 391 1335 filii
419 1288 481 1334 non
509 1285 644 1332 eramus.
687 1268 720 1330 et
751 1264 822 1348 ipse
850 1265 934 1329 enim
967 1264 1027 1328 erit
1057 1264 1122 1329 lux
1153 1262 1349 1328 nationum
1382 1267 1416 1328 et
1446 1262 1483 1326 in

333 1375 481 1442 nomine
507 1373 588 1438 eius
611 1371 783 1437 nationes
812 1370 1027 1452 sperabunt.
1055 1368 1165 1453 itaque
1188 1373 1226 1435 ut
1248 1375 1373 1436 certum
1397 1371 1484 1435 esset

335 1502 391 1548 nos
416 1481 499 1546 filios
520 1479 569 1544 dei
589 1497 670 1555 esee,
693 1477 801 1544 misit
824 1477 1005 1560 spiritum
1025 1495 1133 1542 sunm
1155 1475 1192 1540 in
1216 1476 1330 1542 corda
1353 1481 1484 1543 nostra

334 1590 572 1655 clamantem:
610 1583 713 1663 abba,
746 1586 863 1666 pater.
901 1583 938 1648 in
974 1581 1197 1649 nouissimis
1240 1583 1335 1664 enim,
1368 1584 1524 1667 inquit¹⁰

338 1694 472 1760 diebus
507 1691 698 1757 effundam
733 1690 774 1755 de
807 1709 888 1754 meo
921 1690 1060 1772 spiritu
1089 1689 1125 1754 in
1154 1709 1295 1756 omnem
1324 1709 1481 1755 carnem.

335 1802 427 1867 cuius
451 1799 562 1885 gratia,
587 1797 649 1862 nisi
673 1797 765 1862 cuius
789 1800 823 1862 et
844 1797 1013 1880 promissio
1037 1795 1178 1883 gratiae?
1202 1796 1273 1880 quis
1296 1801 1400 1880 pater,
1422 1796 1483 1862 nisi

336 1909 391 1994 qui
415 1911 447 1973 et
468 1905 592 1972 factor?
620 1903 774 1987 posthae
798 1903 907 1987 itaque
931 1902 1062 1969 diuitiae
1085 1922 1147 1969 non
1171 1908 1239 1969 erat
1258 1903 1483 1969 reuertendum

336 2016 376 2082 ad
388 2014 513 2080 infirma
528 2015 562 2076 et
574 2010 718 2076 mendica
736 2011 902 2075 elementa.
923 2010 1079 2076 elementa
1096 2013 1204 2075 autem
1222 2010 1307 2094 apud
1324 2011 1483 2077 Romanos

337 2140 464 2207 quoque
492 2119 589 2185 etiam
611 2117 731 2200 primae
754 2117 882 2182 litterae
905 2116 1009 2182 solent
1031 2115 1106 2181 dici.
1132 2135 1193 2181 non
1218 2135 1292 2200 ergo
1315 2135 1375 2200 per
1396 2137 1483 2182 mun·
1499 2127 1522 2166 ¹⁵

336 2229 468 2294 dialium
506 2226 733 2291 elementorum
772 2223 1009 2308 derogationem
1046 2242 1065 2287 a
1101 2221 1159 2288 deo
1195 2241 1306 2289 eorum
1342 2229 1484 2290 auertere

338 2333 496 2418 cupiebat,
528 2367 572 2379 -
605 2331 666 2396 etsi
690 2329 824 2396 dicendo
849 2348 959 2413 snpra:
982 2329 1021 2395 ‘si
1045 2347 1120 2414 ergo
1144 2328 1206 2405 his,
1230 2329 1284 2412 qui
1312 2330 1350 2394 in
1374 2334 1484 2396 natura

339 2443 415 2506 sunt
447 2437 507 2516 dei,
532 2435 684 2514 seruitis,’
711 2436 870 2521 physicae,
902 2434 936 2500 id
968 2438 1019 2500 est
1049 2433 1214 2514 naturalis,
1245 2435 1485 2519 superstitionis

339 2547 496 2613 elementa
525 2562 582 2627 pro
615 2543 674 2608 deo
701 2543 850 2608 habentis
878 2542 1035 2626 suggillat
1057 2559 1203 2621 errorem,
1230 2559 1288 2606 nec
1310 2541 1359 2607 sic
1381 2551 1485 2607 tamen

339 2654 569 2718 elementorum
585 2649 678 2714 deum
693 2651 802 2714 taxans
821 2683 866 2694 —
884 2646 941 2712 sed
960 2667 1040 2731 quae
1057 2646 1140 2712 uelit
1156 2647 1301 2732 intellegi
1318 2648 1484 2722 elementa,
1500 2663 1525 2702 ω

339 2759 458 2841 primae
483 2755 607 2820 scilicet
628 2754 753 2819 littores
778 2753 870 2837 legis,
893 2753 963 2835 ipse
986 2752 1139 2818 declarat:
1164 2752 1244 2820 dies
1268 2753 1484 2820 obseruatis

341 2869 378 2930 et
401 2879 550 2928 menses
575 2865 611 2926 et
634 2865 803 2942 tempora
827 2862 864 2923 et
886 2877 1013 2924 annos.
1036 2862 1070 2923 et
1086 2858 1230 2939 sabbata,
1254 2863 1291 2925 nt
1308 2861 1432 2945 opinor,
1454 2869 1485 2926 et

340 2987 454 3036 caenas
478 2985 574 3052 puras
598 2971 630 3032 et
653 2965 771 3031 ieiunia
794 2969 828 3030 et
850 2965 919 3030 dice
942 2983 1086 3050 magnos.
1118 2984 1243 3032 cessare
1265 2967 1349 3032 enim
1373 2968 1414 3033 ab
1436 2969 1485 3032 his

340 3095 477 3161 quoque,
501 3074 586 3142 siout
605 3077 636 3138 et
655 3072 907 3150 circumcisione,
931 3073 1100 3155 oportebat
1116 3091 1153 3138 ex
1171 3072 1307 3138 decretis
1325 3075 1486 3148 creatoris,

341 3184 395 3268 qui
411 3186 444 3248 et
457 3202 512 3266 per
525 3181 667 3246 Esaiam:
688 3180 904 3245 neomenias
922 3183 1073 3244 uestrae
1092 3184 1129 3245 et
1147 3179 1305 3245 sabbeta
1328 3183 1366 3245 et
1389 3180 1484 3246 diem
1501 3195 1526 3234 ¹⁵
1613 3228 1614 3233 ι

341 3307 512 3374 magnum
528 3307 596 3353 non
612 3287 1019 3366 sustinebo,ieiunium
1036 3287 1197 3352 etferias
1212 3287 1487 3352 etcaerimonia

341 3399 471 3461 uestra
495 3395 576 3459 odit
604 3394 725 3459 anima
748 3413 842 3471 mea:
868 3397 900 3459 et
922 3412 978 3476 per
1000 3394 1113 3459 Amos:
1137 3393 1211 3471 odi,
1233 3394 1351 3459 reieci
1374 3393 1485 3459 caeri-

431 3517 459 3585 2]
479 3515 538 3570 Gal.
557 3515 583 3578 l,
602 3515 627 3568 5.
737 3513 938 3584 alteror.
1038 3513 1067 3584 4]
1088 3513 1121 3568 el.
1141 3513 1170 3568 11
1187 3513 1247 3568 Cer.
1267 3516 1292 3581 5,
1313 3513 1358 3578 173
1376 3513 1424 3569 its.
1442 3515 1485 3578 43,

344 3605 514 3672 19;65,17.
588 3604 632 3658 Es.
652 3603 677 3668 2,
697 3605 721 3659 3.
796 3606 825 3674 5]
847 3603 907 3658 Gal.
926 3605 952 3667 4,
971 3605 995 3658 5.
1065 3601 1262 3673 'iliisdltd
1335 3602 1485 3670 assae

343 3695 370 3764 9]
391 3693 451 3748 Gal.
470 3694 496 3758 4,
516 3695 540 3748 6.
597 3692 761 3764 10110013,
782 3694 805 3748 1.
863 3693 908 3762 14]
927 3692 961 3747 ci.
981 3689 1041 3748 Gal.
1059 3693 1085 3761 4,
1100 3693 1126 3747 9.
1178 3693 1222 3762 17]
1242 3691 1327 3748 uerba
1344 3693 1488 3763 apostolici

343 3783 488 3838 Marcionis
508 3799 522 3836 e
542 3781 602 3838 Gal.
621 3785 647 3846 4,
667 3783 684 3838 8
704 3781 812 3838 detorta
893 3783 939 3852 ⁶21]
960 3781 1020 3837 Gal.
1038 3785 1067 3844 4,
1087 3783 1128 3838 10.
1197 3783 1243 3851 25]
1263 3781 1311 3836 Es.
1331 3785 1355 3846 1,
1375 3783 1488 3837 ls-le.

343 3873 390 3941 27]
410 3871 470 3926 Am.
489 3872 514 3936 5,
533 3871 577 3926 21.

380 3979 396 4031 2
411 3977 593 4046 parenthesin
611 3977 738 4032 induant
792 3979 808 4032 3
828 3977 888 4032 niae
901 3977 977 4032 lones
990 3980 1036 4046 (=
1050 3976 1127 4041 dicte
1145 3976 1229 4044 λείας)
1241 3977 1315 4031 Iun:
1334 3978 1488 4032 nicoterae

344 4065 406 4122 MR
443 4065 921 4135 ieritlurMF‚lnxeritheulpo
956 4065 1305 4131 dessctR³,cstetMR¹
1342 4067 1376 4121 17
1385 4083 1489 4137 pereri-
1612 4110 1613 4117 ,

344 4155 433 4208 thesin
452 4154 580 4208 indicaui
674 4155 702 4208 in
721 4154 791 4222 MR,
811 4172 865 4208 non
883 4155 956 4208 Pom
1046 4154 1081 4210 to
1098 4155 1232 4224 suggillat
1248 4153 1321 4224 MR,
1339 4155 1489 4226 sugillabat

344 4243 416 4298 Pam
497 4243 533 4297 20
551 4247 653 4298 taxans.
673 4243 721 4297 eed
739 4244 823 4313 culpo
904 4245 939 4296 22
958 4261 1044 4298 annos
1062 4248 1092 4298 et
1107 4245 1192 4314 culpo
1271 4243 1308 4300 26
1326 4245 1489 4300 memnonia

345 4335 436 4384 uestra
454 4331 524 4395 MR,
544 4331 720 4385 caerimonias
739 4337 844 4386 uestrae
863 4333 975 4386 Paorlt'
