3250 4959
373 392 432 447 VII.
455 394 619 448 Aduersus
638 394 838 447 Marcionem
857 391 904 445 lib.
924 391 981 444 1111
999 392 1078 445 8-9.
1229 394 1291 457 441

139 588 297 672 tingendi,
326 587 424 651 immo
453 586 491 651 ab
521 586 605 651 omni
633 588 822 651 commercio
853 586 1086 664 summouendi,
1120 587 1295 651 communi-

140 696 300 759 cationem
325 693 511 775 prohibebat
533 693 671 757 hominis
696 693 823 757 delictis
847 693 1080 771 commaculati,
1104 712 1177 758 curn
1196 693 1296 776 qnali-

139 804 201 866 bus
227 805 258 865 et
278 800 442 883 apostolus
463 800 569 865 cibum
590 818 714 883 quoque
733 804 824 864 uetat
842 820 982 877 sumere3
1007 801 1191 883 participari
1210 800 1293 863 enirn

140 910 296 993 stigmata
336 908 525 971 delictorum
563 907 655 989 quasi
693 926 729 971 ex
767 908 965 991 contagione,
1004 909 1031 972 si
1065 908 1120 990 qui
1153 926 1188 971 se
1220 926 1293 971 cum

106 1018 308 1097 speccatore
341 1014 516 1077 miscuerit.
546 1014 655 1096 itaque
684 1014 843 1089 dominus,
876 1015 987 1079 uolens
1021 1015 1118 1079 altius
1150 1014 1295 1097 intellegi

137 1122 245 1203 legem
269 1140 325 1203 per
348 1119 484 1183 carnalia
507 1120 663 1201 spiritalia
686 1120 929 1204 significantem,
954 1124 987 1183 et
1009 1122 1069 1185 hoc
1088 1121 1214 1185 nomine
1232 1140 1294 1185 non

139 1228 308 1291 destruens
351 1226 408 1291 sed
444 1227 546 1310 magis
584 1230 748 1290 exstruens
787 1246 880 1308 quam
914 1228 1125 1309 pertinentius
1163 1227 1295 1291 uolebat

140 1335 283 1418 agnosci,
304 1333 412 1416 tetigit
431 1332 603 1414 leprosum.
619 1353 636 1395 a
656 1352 717 1415 quo
739 1337 770 1397 et
785 1334 812 1396 si
832 1334 927 1398 homo
947 1334 1104 1415 inquinari
1123 1333 1292 1417 potuisset,

140 1440 220 1505 dens
240 1440 352 1521 utique
371 1458 430 1503 non
451 1439 677 1520 inquinaretur,
696 1439 986 1504 incontaminabilis
1007 1440 1145 1505 scilicet:
1164 1440 1211 1505 ita
1229 1459 1291 1504 non

94 1566 121 1605 10
139 1546 376 1629 praescribetur
398 1545 456 1623 illi,
485 1545 569 1627 qnod
594 1546 738 1609 debuerit
760 1548 865 1630 legem
890 1548 1058 1611 obseruare
1081 1551 1114 1611 et
1137 1566 1198 1611 non
1222 1564 1292 1611 con-

137 1654 263 1736 tingere
291 1653 489 1729 inmundum,
520 1672 613 1734 quem
643 1658 808 1718 contactus
836 1654 981 1718 inmundi
1009 1672 1070 1719 non
1099 1659 1167 1718 erat
1189 1654 1294 1736 inqui·

138 1764 284 1824 naturus.
318 1760 378 1823 hoc
406 1742 509 1843 ma'gis
538 1778 608 1823 meo
633 1759 759 1825 Christo
789 1765 969 1842 competere
997 1761 1043 1826 sic
1074 1760 1182 1839 doceo,
1215 1760 1291 1825 dum

138 1868 197 1929 tuo
222 1882 283 1927 non
309 1868 488 1947 competere
513 1864 702 1929 demonstro.
727 1866 752 1929 si
778 1867 859 1931 enim
884 1870 921 1929 ut
945 1867 1091 1931 aemulus
1114 1867 1196 1950 legis
1219 1867 1292 1930 teti·

139 1972 190 2055 git
212 1972 385 2053 leprosum,
410 1972 498 2035 nihili
523 1971 640 2037 iaciens
664 1978 868 2055 praeceptum
892 1974 975 2057 legis
998 1993 1055 2055 per
1073 1976 1291 2054 contemptum

90 2099 115 2137 n
136 2078 383 2160 inquinamenti,
408 2078 566 2159 quomodo
590 2082 700 2161 posset
718 2080 875 2163 inquinari
899 2082 953 2162 qui
978 2098 1093 2163 corpus
1117 2098 1178 2145 non
1197 2080 1290 2144 habe-

138 2186 206 2259 bat,
232 2184 317 2266 quod
340 2184 579 2266 inquinaretur?
599 2184 788 2267 phantasma
807 2187 892 2249 enim
909 2186 1067 2268 inquinari
1090 2204 1151 2250 non
1169 2188 1289 2269 posset.

139 2292 197 2373 qui
221 2310 295 2375 ergo
318 2291 475 2372 inquinari
494 2311 554 2355 non
575 2295 709 2373 poterat,
729 2294 766 2356 ut
784 2292 982 2374 phantasma,
1006 2293 1070 2357 iam
1088 2312 1150 2358 non
1170 2293 1290 2356 uirtute

139 2398 252 2462 diuina
274 2398 563 2463 incontaminabilis
594 2398 662 2476 erit,
697 2398 752 2462 sed
781 2399 1012 2481 phantasmatis
1041 2400 1205 2477 inanitate,
1233 2418 1291 2463 nec

139 2506 373 2588 contempsisse
406 2505 507 2569 uideri
539 2509 647 2588 potest
677 2506 964 2587 inquinamentum,
1002 2507 1093 2571 cuius
1126 2500 1290 2570 materiam

89 2632 117 2671 so
138 2631 202 2676 non
231 2612 382 2677 habebat:
412 2612 457 2677 ita
484 2631 541 2677 neo
569 2614 674 2696 legem
703 2611 899 2678 destruxisse
934 2614 988 2696 qui
1016 2614 1289 2697 inquinamentum

139 2738 177 2782 ex
192 2719 358 2784 occasione
373 2719 615 2801 phantasmatis,
632 2740 692 2784 non
709 2740 744 2783 ex
759 2721 972 2784 ostentatione
989 2720 1119 2783 uirtutis
1135 2722 1289 2782 euaserat.

187 2824 221 2888 Si
245 2831 351 2889 autem
381 2826 543 2892 Heliseus.
572 2826 741 2909 prophetes
771 2828 933 2903 creatoris,
963 2826 1093 2891 unicum
1125 2826 1287 2908 leprosum

139 2930 282 2996 Naaman
307 2931 420 3013 Syrum
446 2952 482 2995 ex
504 2936 554 2997 tot
576 2933 711 3014 leprosis
732 2933 908 2997 Israhelitis
933 2932 1128 3008 emundauit,
1149 2950 1206 2995 neo
1228 2932 1289 2995 hoe

139 3038 180 3102 ad
210 3038 425 3103 diuersitatem
454 3039 531 3103 facit
555 3038 684 3117 Christi,
715 3040 806 3121 quasi
830 3040 890 3102 hoc
913 3038 1007 3103 modo
1032 3038 1184 3115 melioris,
1213 3038 1290 3101 dum

89 3160 118 3202 ²⁵
137 3146 326 3210 Israheliten
353 3147 515 3227 leprosum
540 3146 692 3210 emundat
715 3150 893 3224 extraneus,
919 3165 1013 3228 quem
1038 3165 1117 3210 suus
1142 3145 1288 3209 dominus

139 3250 308 3315 emundare
344 3270 405 3315 non
444 3252 602 3316 uoluerat:
646 3252 723 3335 Syro
757 3252 882 3315 facilius
922 3252 1092 3315 emundato
1127 3249 1287 3334 significat

137 3359 241 3439 †per
266 3357 410 3422 nationes
438 3358 670 3423 emundationis
694 3359 726 3421 in
751 3358 890 3434 Christo,
918 3358 1038 3423 lumine
1064 3376 1182 3433 earum,
1208 3374 1287 3436 quae

138 3466 262 3546 septem
303 3465 438 3529 maculis
480 3466 665 3548 capitalium
708 3464 898 3529 delictorum
936 3465 1146 3529 inhorrerent:
1188 3462 1288 3527 idola-

137 3570 201 3633 tria
229 3571 426 3653 blaspbemia
458 3571 628 3636 homicidio
664 3571 819 3635 adulterio
854 3576 963 3655 stupro
993 3573 1075 3637 falso
1104 3569 1287 3634 testimonio

229 3798 256 3864 3]
278 3796 312 3849 cf.
327 3796 341 3850 I
356 3796 416 3851 Gor.
436 3800 461 3865 5,
477 3798 519 3851 11.
558 3800 601 3867 22]
623 3799 656 3852 cl.
676 3798 732 3852 1111
751 3800 819 3867 Reg.
839 3802 863 3867 5,
880 3801 976 3853 9-18.
1014 3801 1058 3867 271
1075 3798 1287 3859 chumaea.

175 3939 192 3990 4
211 3940 257 4008 qui
276 3936 312 4007 R,
332 3940 392 4009 quis
407 3940 445 3992 M
478 3942 492 3993 7
508 3942 689 4010 pertinentius
704 3940 786 4005 MR¹,
806 3943 944 4011 pertinens
965 3943 1021 3995 eius
1036 3941 1076 3995 R³
1110 3941 1286 4007 illeproeum,

139 4044 155 4081 a
175 4044 227 4096 qno
247 4028 332 4097 culpo
398 4029 430 4083 14
449 4030 528 4083 nihili
547 4030 582 4099 R,
602 4030 671 4083 nihil
690 4031 727 4083 M
783 4033 818 4083 24
836 4031 956 4085 melioris
974 4030 1022 4090 12³,
1042 4029 1148 4083 meliori
1167 4046 1195 4081 se
1214 4025 1289 4081 MR¹

139 4119 173 4169 25
193 4116 337 4171 Israeliten
351 4118 387 4185 R,
407 4118 572 4172 israhelitem
588 4120 653 4173 ΜΡ
704 4120 989 4173 emundanitNPom
1025 4119 1058 4171 26
1073 4120 1205 4185 ualuerat,
1221 4120 1287 4186 Syro

138 4204 224 4273 aelfw
296 4205 433 4273 signifieat
451 4206 518 4272 (scil.
533 4207 690 4275 propterca)
709 4207 789 4269 MR¹‚
810 4209 963 4276 significato
982 4207 1114 4275 R³aalpo
1168 4208 1287 4275 271)ιο-

139 4293 252 4361 piores
271 4294 395 4347 nationes
415 4294 615 4349 emundationis
633 4298 708 4364 sort,
728 4314 776 4365 per
793 4298 918 4350 nationes
938 4296 1152 4351 emundationes
1172 4296 1235 4364 Enp
