3250 4959
359 380 418 435 VII.
438 380 605 435 Aduersus
623 381 820 435 Marcionem
839 380 887 437 lib.
906 380 1062 436 11114-5.
1216 385 1278 447 431

129 596 204 640 rum
234 574 261 642 si
289 594 420 640 censum
448 574 600 658 requiras,
628 575 754 639 facilius
783 576 994 658 apostaticum
1019 574 1162 639 inuenias
1187 594 1282 657 quam

130 682 359 767 apostolicum,
385 681 545 747 Marcione
569 682 692 747 scilicet
716 682 876 747 conditore
900 683 952 746 uel
976 681 1082 764 aliquo
1107 682 1145 747 de
1169 681 1282 745 Marci-

132 790 204 853 onis
236 789 388 853 examine.
422 789 543 853 faciunt
575 790 664 853 farios
699 793 730 853 et
758 808 885 871 uespae,
919 788 1041 853 faciunt
1068 789 1222 853 ecelesias
1251 790 1287 851 et

131 896 350 961 Marcionitae.
370 897 477 960 eadem
494 897 665 960 auctoritas
681 897 885 959 ecclesiarum
901 896 1147 977 apostolicarum
1168 896 1284 958 ceteris

95 1023 262 1086 equoque
290 1002 540 1084 patrocinabitur
568 1003 754 1086 euangeliis,
789 1022 869 1085 quae
901 1002 1031 1083 proinde
1065 1020 1119 1084 per
1149 1002 1222 1065 illas
1252 1007 1286 1065 et

131 1109 312 1174 secundum
336 1109 408 1173 illas
432 1111 597 1186 habemus,
620 1110 770 1174 Iohannis
795 1109 864 1173 dico
888 1114 983 1191 atque
1002 1108 1133 1172 Mathei.
1156 1108 1233 1171 licet
1252 1111 1285 1171 et

131 1216 264 1280 Marcus
289 1214 372 1297 quod
397 1214 498 1280 edidit
519 1216 606 1279 Petri
630 1215 823 1290 adfirmatur,
853 1215 943 1278 cuius
966 1216 1121 1296 interpres
1145 1214 1284 1279 Marcus.

131 1341 206 1385 nam
233 1325 266 1385 et
288 1322 392 1385 Lucae
417 1322 575 1405 digestum
600 1322 700 1385 Paulo
724 1322 903 1387 adscribere
927 1322 1039 1386 solent.
1069 1321 1154 1403 capit
1177 1325 1285 1385 autem

133 1429 362 1511 magistrorum
382 1428 488 1505 ¹uideri
512 1448 592 1510 quae
616 1428 766 1510 discipuli
789 1428 1030 1512 promulgarint.
1058 1429 1166 1509 itaque
1190 1432 1222 1491 et
1246 1427 1284 1491 de

85 1558 113 1596 ιο
134 1536 187 1599 bis
212 1535 353 1599 Marcion
378 1534 578 1619 flagitandus.
604 1536 687 1617 quod
712 1535 841 1600 omissis
866 1537 911 1599 eis
934 1536 1038 1599 Lucae
1062 1535 1170 1617 potius
1191 1534 1285 1597 insti-

135 1643 222 1717 terit,
257 1642 349 1723 quasi
377 1660 437 1705 non
470 1646 502 1705 et
528 1643 606 1706 haec
635 1642 718 1723 apud
743 1642 894 1706 ecclesias
918 1662 936 1706 a
959 1640 1131 1726 primordio
1157 1640 1285 1713 suerint,

136 1747 405 1831 quemadmodum
425 1752 457 1810 et
474 1750 587 1815 Lucae.
613 1749 721 1831 atquin
744 1750 819 1813 baec
838 1749 942 1831 magis
962 1767 980 1812 a
998 1747 1169 1831 primordio
1184 1747 1286 1809 luisse

135 1854 289 1919 credibile
313 1858 371 1929 est,
396 1859 434 1917 ut
456 1855 568 1937 priora,
593 1874 655 1936 qua
674 1856 857 1936 apostolica,
882 1860 918 1919 ut
940 1874 1011 1919 cnm
1036 1855 1115 1935 ipsis
1140 1853 1286 1917 ecclesiis

136 1961 291 2025 dedicata.
324 1966 463 2025 ceterum
497 1961 589 2044 quale
623 1966 682 2037 est,
716 1962 743 2025 si
775 1962 855 2025 nibil
883 1962 1020 2043 apostoli
1048 1960 1224 2036 ediderunt,
1248 1963 1287 2022 ut

87 2088 113 2127 ιι
135 2068 289 2150 discipuli
311 2067 419 2149 potius
443 2066 608 2144 ediderint,
634 2067 688 2150 qui
712 2086 769 2131 nec
788 2066 937 2149 discipuli
957 2068 1087 2131 existere
1107 2067 1288 2149 potuissent

138 2175 208 2239 sine
241 2174 307 2237 ulla
339 2174 479 2238 doctrina
512 2174 758 2258 magistrorum?
795 2173 905 2257 igitur,
940 2174 1015 2237 dum
1048 2175 1172 2238 constet
1207 2170 1286 2237 haec

139 2300 267 2362 quoque
296 2281 379 2363 apud
408 2280 559 2345 ecclesias
588 2280 698 2354 fuisse,
728 2300 784 2345 cur
810 2301 871 2345 non
895 2281 972 2345 haec
997 2299 1122 2362 quoque
1145 2280 1284 2343 Marcion

139 2387 252 2469 attigit
266 2392 322 2450 aut
336 2387 539 2463 emendanda,
556 2388 584 2449 si
599 2388 786 2461 adulterata,
802 2394 858 2451 aut
873 2386 1081 2471 agnoscenda,
1102 2386 1130 2450 si
1143 2387 1291 2467 integra?

138 2513 214 2557 nam
243 2496 275 2557 et
303 2494 457 2576 competit
483 2498 528 2574 ut,
558 2496 586 2559 si
616 2496 670 2577 qui
693 2496 895 2579 euangelium
919 2494 1150 2578 peruertebant,
1178 2512 1288 2557 eorum

93 2619 122 2658 w
140 2602 245 2683 magis
262 2604 421 2665 curarent
452 2602 697 2684 peruersionem,
731 2621 865 2683 quornm
894 2602 1037 2666 sciebant
1065 2601 1287 2665 anctoritatem

141 2708 358 2791 receptiorem.
382 2707 452 2771 ideo
473 2714 505 2772 et
522 2709 793 2791 pseudoapostoli,
815 2708 898 2790 quod
917 2728 972 2789 per
990 2708 1107 2772 salsum
1126 2707 1290 2789 apostolos

139 2815 352 2880 imitarentur.
376 2815 407 2877 in
432 2820 583 2897 quantum
610 2835 684 2899 ergo
709 2816 909 2878 emendasset
932 2833 1012 2895 quae
1031 2814 1169 2877 fuissent
1186 2832 1289 2875 emen·

142 2921 255 2999 danda,
283 2920 311 2985 si
335 2921 472 2986 luissent
495 2926 651 3005 corrupta,
679 2921 709 2985 io
734 2924 859 2985 tantum
883 2919 1083 2985 confirmauit
1104 2938 1165 2983 non
1189 2918 1288 2981 luisse

143 3031 291 3110 corrupta
323 3046 402 3109 quae
435 3046 494 3092 non
528 3029 655 3109 putauit
692 3028 896 3093 emendanda.
936 3026 1070 3107 denique
1108 3024 1293 3091 emendauit

103 3148 130 3191 ὓ
156 3134 242 3217 quod
269 3136 452 3216 corruptum
478 3135 682 3199 existimauit.
715 3134 770 3198 sed
798 3153 855 3198 nec
882 3133 942 3197 boc
969 3133 1093 3207 merito,
1127 3132 1288 3213 quianon

143 3242 207 3306 suit
244 3244 438 3322 corruptum.
476 3241 503 3305 si
540 3241 623 3305 enim
662 3241 836 3322 apostolica
872 3242 997 3323 integra
1032 3239 1291 3312 decucurrerunt,

143 3350 249 3412 Lucae
273 3352 390 3425 autem,
420 3347 505 3430 quod
528 3352 578 3412 est
601 3346 774 3413 secundum
799 3367 867 3423 noe,
893 3348 969 3410 adeo
994 3346 1141 3428 congruit
1163 3345 1292 3427 regulae

145 3475 264 3529 eorum,
300 3458 335 3518 ut
367 3474 440 3519 curn
473 3455 537 3518 illis
572 3456 655 3538 apud
688 3455 840 3519 ecclesias
869 3457 1004 3531 maneat,
1035 3453 1097 3516 ianr
1127 3456 1159 3515 et
1187 3452 1293 3515 Lucae

145 3563 271 3625 constat
293 3562 450 3646 integrum
473 3560 690 3624 decucurrisse
710 3559 867 3641 usquead
888 3558 1089 3641 sacrilegium
1109 3556 1293 3621 Marcionis.

98 3680 125 3723 ³⁰
146 3668 281 3749 denique
314 3667 369 3731 ubi
401 3686 513 3731 manus
546 3667 593 3730 illi
626 3666 765 3730 Marcion
800 3666 919 3742 intulit,
956 3670 1032 3728 tnnc
1064 3665 1226 3729 diuersum
1260 3668 1292 3725 et

182 3930 199 3981 2
217 3930 351 3983 marcione
369 3929 407 3983 M
458 3930 475 3983 6
494 3932 576 3999 atque
595 3929 696 3982 mathei
715 3926 785 3996 ΜΕ,
806 3930 834 3981 et
851 3928 985 3981 Matthaei
1002 3926 1124 3995 Ruulpo
1183 3926 1199 3979 8
1218 3925 1294 3993 capit

146 4024 238 4072 autem
256 4018 329 4071 Ima:
347 4018 437 4087 capita
454 4015 537 4083 MR¹‚
556 4018 630 4086 capit
647 4016 687 4071 13³
761 4016 793 4069 10
812 4016 878 4085 qnid
901 4016 954 4071 Urs
1027 4016 1060 4069 18
1078 4013 1244 4083 ignoscenda
1257 4013 1291 4066 M

146 4108 179 4160 21
200 4107 423 4177 pseudoapostoli
437 4107 506 4174 ΜΡ,
525 4106 727 4177 pseudapostoli
742 4106 770 4161 R
779 4107 864 4175 culpo
909 4106 943 4158 ‘26
958 4107 1064 4174 integra
1078 4104 1148 4157 Lot:
1167 4104 1293 4172 integrae

146 4196 189 4261 M,
208 4196 314 4265 integre
332 4196 453 4265 Roalpo
526 4196 734 4250 decucurrerant
751 4195 823 4261 MR,
842 4193 1060 4248 decurreruntF
1110 4195 1145 4247 29
1164 4193 1293 4247 decucur-

145 4288 215 4339 risse
233 4284 304 4353 MR,
323 4286 472 4339 decurrisse
490 4284 521 4337 F
