<?xml version="1.0" encoding="UTF-8"?>
<!DOCTYPE html PUBLIC "-//W3C//DTD XHTML 1.0 Transitional//EN"
    "http://www.w3.org/TR/xhtml1/DTD/xhtml1-transitional.dtd">
<html xmlns="http://www.w3.org/1999/xhtml" xml:lang="en" lang="en">
 <head>
  <title>
</title>
<meta http-equiv="Content-Type" content="text/html;charset=utf-8" />
  <meta name='ocr-system' content='tesseract 3.04.00' />
  <meta name='ocr-capabilities' content='ocr_page ocr_carea ocr_par ocr_line ocrx_word'/>
</head>
<body>
  <div class='ocr_page' id='page_1' title='image "./corpusscriptoru20wissgoog_0345.png"; bbox 0 0 3250 4959; ppageno 0'>
   <div class='ocr_carea' id='block_1_1' title="bbox 443 431 1283 502">
    <p class='ocr_par' dir='ltr' id='par_1_1' title="bbox 443 431 1283 502">
     <span class='ocr_line' id='line_1_1' title="bbox 443 431 1283 502; baseline 0.012 -18"><span class='ocrx_word' id='word_1_1' title='bbox 443 431 488 485; x_wconf 85' lang='lat' dir='ltr'>Vl.</span> <span class='ocrx_word' id='word_1_2' title='bbox 509 431 676 487; x_wconf 74' lang='lat' dir='ltr'>Aduersus</span> <span class='ocrx_word' id='word_1_3' title='bbox 695 433 843 486; x_wconf 83' lang='lat' dir='ltr'>Praxesn</span> <span class='ocrx_word' id='word_1_4' title='bbox 862 434 978 487; x_wconf 74' lang='lat'>27-28.</span> <span class='ocrx_word' id='word_1_5' title='bbox 1217 439 1283 502; x_wconf 83' lang='grc'>283</span> 
     </span>
    </p>
   </div>
   <div class='ocr_carea' id='block_1_2' title="bbox 77 627 1285 2834">
    <p class='ocr_par' dir='ltr' id='par_1_2' title="bbox 77 627 1285 2834">
     <span class='ocr_line' id='line_1_2' title="bbox 119 627 1285 710; baseline 0.003 -20"><span class='ocrx_word' id='word_1_6' title='bbox 119 628 236 709; x_wconf 81' lang='lat' dir='ltr'><strong>ipsam</strong></span> <span class='ocrx_word' id='word_1_7' title='bbox 273 627 341 691; x_wconf 88' lang='lat' dir='ltr'>uim</span> <span class='ocrx_word' id='word_1_8' title='bbox 378 627 529 710; x_wconf 81' lang='lat' dir='ltr'>inspicias</span> <span class='ocrx_word' id='word_1_9' title='bbox 565 627 700 692; x_wconf 90' lang='lat' dir='ltr'>nominis</span> <span class='ocrx_word' id='word_1_10' title='bbox 733 627 841 707; x_wconf 88' lang='lat' dir='ltr'>huius,</span> <span class='ocrx_word' id='word_1_11' title='bbox 880 628 907 692; x_wconf 89' lang='lat' dir='ltr'>si</span> <span class='ocrx_word' id='word_1_12' title='bbox 941 631 1046 692; x_wconf 85' lang='lat' dir='ltr'>tamen</span> <span class='ocrx_word' id='word_1_13' title='bbox 1084 647 1196 694; x_wconf 88' lang='lat' dir='ltr'>nomen</span> <span class='ocrx_word' id='word_1_14' title='bbox 1234 635 1285 694; x_wconf 90' lang='lat' dir='ltr'>est</span> 
     </span>
     <span class='ocr_line' id='line_1_3' title="bbox 121 733 1283 820; baseline 0.003 -21"><span class='ocrx_word' id='word_1_15' title='bbox 121 733 282 799; x_wconf 88' lang='lat' dir='ltr'>Christus</span> <span class='ocrx_word' id='word_1_16' title='bbox 317 739 349 800; x_wconf 87' lang='lat' dir='ltr'>et</span> <span class='ocrx_word' id='word_1_17' title='bbox 377 755 438 800; x_wconf 86' lang='lat' dir='ltr'>uon</span> <span class='ocrx_word' id='word_1_18' title='bbox 466 734 637 818; x_wconf 79' lang='lat' dir='ltr'>appellatio</span> <span class='ocrx_word' id='word_1_19' title='bbox 666 733 790 816; x_wconf 78' lang='lat' dir='ltr'>potius3</span> <span class='ocrx_word' id='word_1_20' title='bbox 819 739 935 800; x_wconf 88' lang='lat' dir='ltr'>unctus</span> <span class='ocrx_word' id='word_1_21' title='bbox 965 735 1047 800; x_wconf 88' lang='lat' dir='ltr'>euim</span> <span class='ocrx_word' id='word_1_22' title='bbox 1075 735 1283 820; x_wconf 83' lang='lat' dir='ltr'>significatur.</span> 
     </span>
     <span class='ocr_line' id='line_1_4' title="bbox 119 839 1282 924; baseline 0.003 -20"><span class='ocrx_word' id='word_1_23' title='bbox 119 844 249 905; x_wconf 88' lang='lat' dir='ltr'>unctus</span> <span class='ocrx_word' id='word_1_24' title='bbox 278 845 386 906; x_wconf 88' lang='lat' dir='ltr'>autem</span> <span class='ocrx_word' id='word_1_25' title='bbox 419 860 479 906; x_wconf 88' lang='lat' dir='ltr'>uon</span> <span class='ocrx_word' id='word_1_26' title='bbox 514 839 617 924; x_wconf 85' lang='lat' dir='ltr'>magis</span> <span class='ocrx_word' id='word_1_27' title='bbox 651 859 764 905; x_wconf 88' lang='lat' dir='ltr'>uomeu</span> <span class='ocrx_word' id='word_1_28' title='bbox 792 844 843 904; x_wconf 90' lang='lat' dir='ltr'>est</span> <span class='ocrx_word' id='word_1_29' title='bbox 875 859 969 923; x_wconf 85' lang='lat' dir='ltr'>quam</span> <span class='ocrx_word' id='word_1_30' title='bbox 1002 843 1153 921; x_wconf 90' lang='lat' dir='ltr'>uestitus,</span> <span class='ocrx_word' id='word_1_31' title='bbox 1187 862 1282 924; x_wconf 88' lang='lat' dir='ltr'>quam</span> 
     </span>
     <span class='ocr_line' id='line_1_5' title="bbox 120 946 1282 1030; baseline 0.002 -20"><span class='ocrx_word' id='word_1_32' title='bbox 120 947 298 1012; x_wconf 78' lang='lat' dir='ltr'>calciatus.</span> <span class='ocrx_word' id='word_1_33' title='bbox 324 947 435 1030; x_wconf 86' lang='lat' dir='ltr'>itsque</span> <span class='ocrx_word' id='word_1_34' title='bbox 463 946 610 1012; x_wconf 88' lang='lat' dir='ltr'>Christus</span> <span class='ocrx_word' id='word_1_35' title='bbox 639 947 784 1012; x_wconf 88' lang='lat' dir='ltr'>accidens</span> <span class='ocrx_word' id='word_1_36' title='bbox 814 947 933 1012; x_wconf 86' lang='lat' dir='ltr'>nomini</span> <span class='ocrx_word' id='word_1_37' title='bbox 961 967 1021 1013; x_wconf 91' lang='lat' dir='ltr'>res.</span> <span class='ocrx_word' id='word_1_38' title='bbox 1056 968 1094 1012; x_wconf 89' lang='lat' dir='ltr'>au</span> <span class='ocrx_word' id='word_1_39' title='bbox 1124 953 1169 1028; x_wconf 90' lang='lat' dir='ltr'>tu,</span> <span class='ocrx_word' id='word_1_40' title='bbox 1195 950 1222 1014; x_wconf 92' lang='lat' dir='ltr'>si</span> <span class='ocrx_word' id='word_1_41' title='bbox 1247 968 1282 1014; x_wconf 86' lang='lat' dir='ltr'>ex</span> 
     </span>
     <span class='ocr_line' id='line_1_6' title="bbox 89 1054 1281 1138; baseline 0.003 -22"><span class='ocrx_word' id='word_1_42' title='bbox 89 1054 239 1135; x_wconf 73' lang='lat' dir='ltr'>saliquo</span> <span class='ocrx_word' id='word_1_43' title='bbox 269 1058 455 1138; x_wconf 82' lang='lat' dir='ltr'>argumento</span> <span class='ocrx_word' id='word_1_44' title='bbox 483 1054 621 1118; x_wconf 89' lang='lat' dir='ltr'>uestitus</span> <span class='ocrx_word' id='word_1_45' title='bbox 647 1073 772 1137; x_wconf 85' lang='lat' dir='ltr'>quoque</span> <span class='ocrx_word' id='word_1_46' title='bbox 800 1058 970 1118; x_wconf 88' lang='lat' dir='ltr'>uocaretur</span> <span class='ocrx_word' id='word_1_47' title='bbox 990 1055 1093 1130; x_wconf 91' lang='lat' dir='ltr'>Iesus,</span> <span class='ocrx_word' id='word_1_48' title='bbox 1123 1055 1281 1137; x_wconf 89' lang='lat' dir='ltr'>quomodo</span> 
     </span>
     <span class='ocr_line' id='line_1_7' title="bbox 120 1159 1280 1243; baseline 0.001 -20"><span class='ocrx_word' id='word_1_49' title='bbox 120 1159 281 1224; x_wconf 89' lang='lat' dir='ltr'>Christus</span> <span class='ocrx_word' id='word_1_50' title='bbox 313 1160 351 1224; x_wconf 84' lang='lat' dir='ltr'>ab</span> <span class='ocrx_word' id='word_1_51' title='bbox 383 1160 542 1225; x_wconf 86' lang='lat' dir='ltr'>unctionis</span> <span class='ocrx_word' id='word_1_52' title='bbox 576 1164 785 1235; x_wconf 87' lang='lat' dir='ltr'>sacramento,</span> <span class='ocrx_word' id='word_1_53' title='bbox 824 1180 922 1243; x_wconf 87' lang='lat' dir='ltr'>aeque</span> <span class='ocrx_word' id='word_1_54' title='bbox 954 1162 1061 1226; x_wconf 90' lang='lat' dir='ltr'>lesum</span> <span class='ocrx_word' id='word_1_55' title='bbox 1094 1161 1196 1226; x_wconf 87' lang='lat' dir='ltr'>lilium</span> <span class='ocrx_word' id='word_1_56' title='bbox 1229 1162 1280 1227; x_wconf 90' lang='lat' dir='ltr'>dei</span> 
     </span>
     <span class='ocr_line' id='line_1_8' title="bbox 119 1265 1283 1360; baseline 0.002 -30"><span class='ocrx_word' id='word_1_57' title='bbox 119 1265 265 1343; x_wconf 89' lang='lat' dir='ltr'>diceres,</span> <span class='ocrx_word' id='word_1_58' title='bbox 289 1269 446 1332; x_wconf 89' lang='lat' dir='ltr'>uestitum</span> <span class='ocrx_word' id='word_1_59' title='bbox 464 1286 540 1331; x_wconf 90' lang='lat' dir='ltr'>uero</span> <span class='ocrx_word' id='word_1_60' title='bbox 559 1271 681 1348; x_wconf 90' lang='lat' dir='ltr'>patrem</span> <span class='ocrx_word' id='word_1_61' title='bbox 701 1267 865 1332; x_wconf 78' lang='lat' dir='ltr'>crederes?</span> <span class='ocrx_word' id='word_1_62' title='bbox 885 1268 918 1360; x_wconf 13' lang='lat' dir='ltr'>&#39;si</span> <span class='ocrx_word' id='word_1_63' title='bbox 943 1274 1033 1352; x_wconf 89' lang='lat' dir='ltr'>pater</span> <span class='ocrx_word' id='word_1_64' title='bbox 1052 1268 1198 1334; x_wconf 89' lang='lat' dir='ltr'>Christus</span> <span class='ocrx_word' id='word_1_65' title='bbox 1223 1274 1283 1348; x_wconf 85' lang='lat' dir='ltr'>est,</span> 
     </span>
     <span class='ocr_line' id='line_1_9' title="bbox 119 1373 1280 1458; baseline 0.001 -22"><span class='ocrx_word' id='word_1_66' title='bbox 119 1378 217 1454; x_wconf 86' lang='lat' dir='ltr'>pater</span> <span class='ocrx_word' id='word_1_67' title='bbox 241 1375 360 1438; x_wconf 88' lang='lat' dir='ltr'>unctus</span> <span class='ocrx_word' id='word_1_68' title='bbox 379 1376 439 1451; x_wconf 88' lang='lat' dir='ltr'>est,</span> <span class='ocrx_word' id='word_1_69' title='bbox 463 1376 496 1437; x_wconf 90' lang='lat' dir='ltr'>et</span> <span class='ocrx_word' id='word_1_70' title='bbox 514 1373 626 1455; x_wconf 90' lang='lat' dir='ltr'>utique</span> <span class='ocrx_word' id='word_1_71' title='bbox 645 1374 685 1438; x_wconf 92' lang='lat' dir='ltr'>ab</span> <span class='ocrx_word' id='word_1_72' title='bbox 703 1373 776 1438; x_wconf 90' lang='lat' dir='ltr'>alio.</span> <span class='ocrx_word' id='word_1_73' title='bbox 800 1377 856 1438; x_wconf 89' lang='lat' dir='ltr'>aut</span> <span class='ocrx_word' id='word_1_74' title='bbox 879 1374 907 1440; x_wconf 93' lang='lat' dir='ltr'>si</span> <span class='ocrx_word' id='word_1_75' title='bbox 927 1393 946 1438; x_wconf 88' lang='lat' dir='ltr'>a</span> <span class='ocrx_word' id='word_1_76' title='bbox 965 1375 1148 1458; x_wconf 87' lang='lat' dir='ltr'>semetipso,</span> <span class='ocrx_word' id='word_1_77' title='bbox 1172 1376 1280 1458; x_wconf 85' lang='lat' dir='ltr'>proba.</span> 
     </span>
     <span class='ocr_line' id='line_1_10' title="bbox 121 1478 1281 1562; baseline 0.003 -20"><span class='ocrx_word' id='word_1_78' title='bbox 121 1478 179 1542; x_wconf 88' lang='lat' dir='ltr'>sed</span> <span class='ocrx_word' id='word_1_79' title='bbox 215 1497 281 1543; x_wconf 89' lang='lat' dir='ltr'>nou</span> <span class='ocrx_word' id='word_1_80' title='bbox 314 1479 359 1543; x_wconf 85' lang='lat' dir='ltr'>ita</span> <span class='ocrx_word' id='word_1_81' title='bbox 391 1478 506 1544; x_wconf 89' lang='lat' dir='ltr'>docent</span> <span class='ocrx_word' id='word_1_82' title='bbox 532 1479 614 1544; x_wconf 84' lang='lat' dir='ltr'>Acta</span> <span class='ocrx_word' id='word_1_83' title='bbox 640 1479 868 1562; x_wconf 80' lang='lat' dir='ltr'>Apostolorum</span> <span class='ocrx_word' id='word_1_84' title='bbox 900 1481 932 1544; x_wconf 92' lang='lat' dir='ltr'>iu</span> <span class='ocrx_word' id='word_1_85' title='bbox 965 1481 1021 1545; x_wconf 88' lang='lat' dir='ltr'>illa</span> <span class='ocrx_word' id='word_1_86' title='bbox 1053 1481 1281 1545; x_wconf 81' lang='lat' dir='ltr'>exclamatione</span> 
     </span>
     <span class='ocr_line' id='line_1_11' title="bbox 77 1585 1278 1652; baseline 0.004 -5"><span class='ocrx_word' id='word_1_87' title='bbox 77 1611 102 1648; x_wconf 82' lang='lat' dir='ltr'>ro</span> <span class='ocrx_word' id='word_1_88' title='bbox 121 1586 288 1651; x_wconf 86' lang='lat' dir='ltr'>ecclesiae</span> <span class='ocrx_word' id='word_1_89' title='bbox 315 1585 356 1650; x_wconf 90' lang='lat' dir='ltr'>ad</span> <span class='ocrx_word' id='word_1_90' title='bbox 384 1585 493 1650; x_wconf 89' lang='lat' dir='ltr'>deum:</span> <span class='ocrx_word' id='word_1_91' title='bbox 522 1589 783 1651; x_wconf 88' lang='lat' dir='ltr'>conuenerunt</span> <span class='ocrx_word' id='word_1_92' title='bbox 811 1587 906 1651; x_wconf 89' lang='lat' dir='ltr'>euim</span> <span class='ocrx_word' id='word_1_93' title='bbox 934 1587 1110 1652; x_wconf 88' lang='lat' dir='ltr'>uniuersi</span> <span class='ocrx_word' id='word_1_94' title='bbox 1139 1587 1175 1650; x_wconf 92' lang='lat' dir='ltr'>iu</span> <span class='ocrx_word' id='word_1_95' title='bbox 1202 1587 1278 1652; x_wconf 88' lang='lat' dir='ltr'>ista</span> 
     </span>
     <span class='ocr_line' id='line_1_12' title="bbox 121 1693 1279 1778; baseline 0.003 -21"><span class='ocrx_word' id='word_1_96' title='bbox 121 1693 293 1758; x_wconf 89' lang='lat' dir='ltr'>ciuitate</span> <span class='ocrx_word' id='word_1_97' title='bbox 313 1693 496 1758; x_wconf 90' lang='lat' dir='ltr'>aduersus</span> <span class='ocrx_word' id='word_1_98' title='bbox 516 1697 688 1758; x_wconf 85' lang='lat' dir='ltr'>sanctum</span> <span class='ocrx_word' id='word_1_99' title='bbox 711 1693 838 1758; x_wconf 83' lang='lat' dir='ltr'>filium</span> <span class='ocrx_word' id='word_1_100' title='bbox 858 1703 963 1759; x_wconf 86' lang='lat' dir='ltr'>tuum</span> <span class='ocrx_word' id='word_1_101' title='bbox 981 1695 1149 1778; x_wconf 72' lang='lat' dir='ltr'>(losum)</span> <span class='ocrx_word' id='word_1_102' title='bbox 1169 1714 1279 1777; x_wconf 91' lang='lat' dir='ltr'>quem</span> 
     </span>
     <span class='ocr_line' id='line_1_13' title="bbox 120 1800 1281 1876; baseline 0.003 -13"><span class='ocrx_word' id='word_1_103' title='bbox 120 1800 286 1876; x_wconf 81' lang='lat' dir='ltr'>unxisti,</span> <span class='ocrx_word' id='word_1_104' title='bbox 321 1800 490 1866; x_wconf 88' lang='lat' dir='ltr'>Herodes</span> <span class='ocrx_word' id='word_1_105' title='bbox 524 1805 560 1865; x_wconf 88' lang='lat' dir='ltr'>et</span> <span class='ocrx_word' id='word_1_106' title='bbox 592 1802 743 1865; x_wconf 83' lang='lat' dir='ltr'>Pilatus</span> <span class='ocrx_word' id='word_1_107' title='bbox 782 1820 864 1866; x_wconf 89' lang='lat' dir='ltr'>cum</span> <span class='ocrx_word' id='word_1_108' title='bbox 901 1801 1131 1867; x_wconf 84' lang='lat' dir='ltr'>nationibus.</span> <span class='ocrx_word' id='word_1_109' title='bbox 1171 1802 1216 1866; x_wconf 86' lang='lat' dir='ltr'>ita</span> <span class='ocrx_word' id='word_1_110' title='bbox 1248 1806 1281 1866; x_wconf 87' lang='lat' dir='ltr'>et</span> 
     </span>
     <span class='ocr_line' id='line_1_14' title="bbox 121 1906 1281 1990; baseline 0.001 -21"><span class='ocrx_word' id='word_1_111' title='bbox 121 1906 231 1971; x_wconf 89' lang='lat' dir='ltr'>filium</span> <span class='ocrx_word' id='word_1_112' title='bbox 261 1907 312 1970; x_wconf 91' lang='lat' dir='ltr'>dei</span> <span class='ocrx_word' id='word_1_113' title='bbox 340 1907 447 1971; x_wconf 89' lang='lat' dir='ltr'>lesum</span> <span class='ocrx_word' id='word_1_114' title='bbox 477 1907 647 1971; x_wconf 84' lang='lat' dir='ltr'>contestati</span> <span class='ocrx_word' id='word_1_115' title='bbox 676 1909 752 1970; x_wconf 91' lang='lat' dir='ltr'>suut</span> <span class='ocrx_word' id='word_1_116' title='bbox 780 1906 941 1971; x_wconf 87' lang='lat' dir='ltr'>etlilium</span> <span class='ocrx_word' id='word_1_117' title='bbox 970 1926 988 1971; x_wconf 87' lang='lat' dir='ltr'>a</span> <span class='ocrx_word' id='word_1_118' title='bbox 1016 1911 1105 1990; x_wconf 88' lang='lat' dir='ltr'>patre</span> <span class='ocrx_word' id='word_1_119' title='bbox 1138 1912 1281 1972; x_wconf 87' lang='lat' dir='ltr'>unctum.</span> 
     </span>
     <span class='ocr_line' id='line_1_15' title="bbox 125 2013 1279 2098; baseline 0.001 -20"><span class='ocrx_word' id='word_1_120' title='bbox 125 2033 202 2098; x_wconf 87' lang='lat' dir='ltr'>ergo</span> <span class='ocrx_word' id='word_1_121' title='bbox 229 2013 323 2078; x_wconf 89' lang='lat' dir='ltr'>Iesus</span> <span class='ocrx_word' id='word_1_122' title='bbox 351 2013 436 2077; x_wconf 88' lang='lat' dir='ltr'>idem</span> <span class='ocrx_word' id='word_1_123' title='bbox 461 2015 521 2078; x_wconf 91' lang='lat' dir='ltr'>erit</span> <span class='ocrx_word' id='word_1_124' title='bbox 543 2013 701 2092; x_wconf 87' lang='lat' dir='ltr'>Christus,</span> <span class='ocrx_word' id='word_1_125' title='bbox 731 2013 785 2096; x_wconf 90' lang='lat' dir='ltr'>qui</span> <span class='ocrx_word' id='word_1_126' title='bbox 818 2034 837 2078; x_wconf 86' lang='lat' dir='ltr'>a</span> <span class='ocrx_word' id='word_1_127' title='bbox 868 2018 957 2096; x_wconf 86' lang='lat' dir='ltr'>patre</span> <span class='ocrx_word' id='word_1_128' title='bbox 985 2018 1103 2080; x_wconf 85' lang='lat' dir='ltr'>unctus</span> <span class='ocrx_word' id='word_1_129' title='bbox 1132 2018 1191 2093; x_wconf 90' lang='lat' dir='ltr'>est,</span> <span class='ocrx_word' id='word_1_130' title='bbox 1218 2033 1279 2079; x_wconf 89' lang='lat' dir='ltr'>nou</span> 
     </span>
     <span class='ocr_line' id='line_1_16' title="bbox 81 2119 1279 2203; baseline 0.003 -22"><span class='ocrx_word' id='word_1_131' title='bbox 81 2143 105 2181; x_wconf 74' lang='lat' dir='ltr'>c</span> <span class='ocrx_word' id='word_1_132' title='bbox 125 2124 232 2203; x_wconf 83' lang='lat' dir='ltr'>pater,</span> <span class='ocrx_word' id='word_1_133' title='bbox 263 2120 318 2202; x_wconf 93' lang='lat' dir='ltr'>qui</span> <span class='ocrx_word' id='word_1_134' title='bbox 345 2119 447 2184; x_wconf 90' lang='lat' dir='ltr'>filium</span> <span class='ocrx_word' id='word_1_135' title='bbox 476 2120 574 2185; x_wconf 83' lang='lat' dir='ltr'>unxit.</span> <span class='ocrx_word' id='word_1_136' title='bbox 606 2121 653 2184; x_wconf 89' lang='lat' dir='ltr'>sio</span> <span class='ocrx_word' id='word_1_137' title='bbox 681 2124 713 2184; x_wconf 90' lang='lat' dir='ltr'>et</span> <span class='ocrx_word' id='word_1_138' title='bbox 740 2121 869 2186; x_wconf 90' lang='lat' dir='ltr'>Petrus:</span> <span class='ocrx_word' id='word_1_139' title='bbox 899 2121 1121 2186; x_wconf 86' lang='lat' dir='ltr'>firmissime</span> <span class='ocrx_word' id='word_1_140' title='bbox 1150 2121 1279 2203; x_wconf 88' lang='lat' dir='ltr'>itaque</span> 
     </span>
     <span class='ocr_line' id='line_1_17' title="bbox 123 2226 1280 2311; baseline 0 -21"><span class='ocrx_word' id='word_1_141' title='bbox 123 2229 344 2311; x_wconf 84' lang='lat' dir='ltr'>cognoscat</span> <span class='ocrx_word' id='word_1_142' title='bbox 367 2227 487 2292; x_wconf 88' lang='lat' dir='ltr'>omnis</span> <span class='ocrx_word' id='word_1_143' title='bbox 511 2227 643 2292; x_wconf 88' lang='lat' dir='ltr'>domus</span> <span class='ocrx_word' id='word_1_144' title='bbox 662 2226 822 2306; x_wconf 90' lang='lat' dir='ltr'>Israhel,</span> <span class='ocrx_word' id='word_1_145' title='bbox 848 2227 945 2310; x_wconf 89' lang='lat' dir='ltr'>quod</span> <span class='ocrx_word' id='word_1_146' title='bbox 969 2231 1005 2291; x_wconf 84' lang='lat' dir='ltr'>et</span> <span class='ocrx_word' id='word_1_147' title='bbox 1030 2227 1218 2292; x_wconf 88' lang='lat' dir='ltr'>dominum</span> <span class='ocrx_word' id='word_1_148' title='bbox 1243 2233 1280 2292; x_wconf 90' lang='lat' dir='ltr'>et</span> 
     </span>
     <span class='ocr_line' id='line_1_18' title="bbox 124 2333 1277 2411; baseline 0 -13"><span class='ocrx_word' id='word_1_149' title='bbox 124 2333 334 2411; x_wconf 78' lang='lat' dir='ltr'>Christum,</span> <span class='ocrx_word' id='word_1_150' title='bbox 358 2333 392 2398; x_wconf 92' lang='lat' dir='ltr'>id</span> <span class='ocrx_word' id='word_1_151' title='bbox 411 2337 461 2398; x_wconf 93' lang='lat' dir='ltr'>est</span> <span class='ocrx_word' id='word_1_152' title='bbox 479 2337 623 2410; x_wconf 87' lang='lat' dir='ltr'>unctum,</span> <span class='ocrx_word' id='word_1_153' title='bbox 647 2334 783 2398; x_wconf 83' lang='lat' dir='ltr'>fecerit</span> <span class='ocrx_word' id='word_1_154' title='bbox 803 2353 884 2398; x_wconf 90' lang='lat' dir='ltr'>eum</span> <span class='ocrx_word' id='word_1_155' title='bbox 905 2333 1005 2410; x_wconf 81' lang='lat' dir='ltr'>douc,</span> <span class='ocrx_word' id='word_1_156' title='bbox 1025 2334 1124 2400; x_wconf 89' lang='lat' dir='ltr'>huno</span> <span class='ocrx_word' id='word_1_157' title='bbox 1142 2335 1277 2410; x_wconf 88' lang='lat' dir='ltr'>Iesum,</span> 
     </span>
     <span class='ocr_line' id='line_1_19' title="bbox 124 2440 1277 2522; baseline 0 -18"><span class='ocrx_word' id='word_1_158' title='bbox 124 2460 237 2522; x_wconf 89' lang='lat' dir='ltr'>quem</span> <span class='ocrx_word' id='word_1_159' title='bbox 262 2459 329 2506; x_wconf 89' lang='lat' dir='ltr'>uos</span> <span class='ocrx_word' id='word_1_160' title='bbox 359 2440 623 2505; x_wconf 83' lang='lat' dir='ltr'>crucifixistis.</span> <span class='ocrx_word' id='word_1_161' title='bbox 652 2440 808 2505; x_wconf 88' lang='lat' dir='ltr'>Iohannes</span> <span class='ocrx_word' id='word_1_162' title='bbox 833 2443 940 2505; x_wconf 86' lang='lat' dir='ltr'>autem</span> <span class='ocrx_word' id='word_1_163' title='bbox 969 2440 1065 2505; x_wconf 90' lang='lat' dir='ltr'>etiam</span> <span class='ocrx_word' id='word_1_164' title='bbox 1094 2440 1277 2506; x_wconf 85' lang='lat' dir='ltr'>mendacem</span> 
     </span>
     <span class='ocr_line' id='line_1_20' title="bbox 123 2546 1276 2630; baseline 0.002 -20"><span class='ocrx_word' id='word_1_165' title='bbox 123 2551 218 2612; x_wconf 87' lang='lat' dir='ltr'>notat</span> <span class='ocrx_word' id='word_1_166' title='bbox 242 2567 326 2626; x_wconf 89' lang='lat' dir='ltr'>euru,</span> <span class='ocrx_word' id='word_1_167' title='bbox 351 2547 406 2629; x_wconf 89' lang='lat' dir='ltr'>qui</span> <span class='ocrx_word' id='word_1_168' title='bbox 425 2547 591 2630; x_wconf 83' lang='lat' dir='ltr'>negauerit</span> <span class='ocrx_word' id='word_1_169' title='bbox 607 2547 716 2611; x_wconf 91' lang='lat' dir='ltr'>Iesum</span> <span class='ocrx_word' id='word_1_170' title='bbox 735 2565 806 2611; x_wconf 89' lang='lat' dir='ltr'>esse</span> <span class='ocrx_word' id='word_1_171' title='bbox 827 2546 1003 2628; x_wconf 89' lang='lat' dir='ltr'>Christum,</span> <span class='ocrx_word' id='word_1_172' title='bbox 1024 2551 1133 2612; x_wconf 87' lang='lat' dir='ltr'>contra</span> <span class='ocrx_word' id='word_1_173' title='bbox 1156 2548 1194 2612; x_wconf 89' lang='lat' dir='ltr'>de</span> <span class='ocrx_word' id='word_1_174' title='bbox 1218 2547 1276 2612; x_wconf 92' lang='lat' dir='ltr'>deo</span> 
     </span>
     <span class='ocr_line' id='line_1_21' title="bbox 81 2652 1276 2737; baseline 0 -21"><span class='ocrx_word' id='word_1_175' title='bbox 81 2677 106 2716; x_wconf 77' lang='lat' dir='ltr'>ao</span> <span class='ocrx_word' id='word_1_176' title='bbox 124 2657 238 2719; x_wconf 90' lang='lat' dir='ltr'>uatum</span> <span class='ocrx_word' id='word_1_177' title='bbox 254 2673 389 2731; x_wconf 87' lang='lat' dir='ltr'>omnem,</span> <span class='ocrx_word' id='word_1_178' title='bbox 403 2654 458 2736; x_wconf 92' lang='lat' dir='ltr'>qui</span> <span class='ocrx_word' id='word_1_179' title='bbox 472 2653 640 2717; x_wconf 86' lang='lat' dir='ltr'>crediderit</span> <span class='ocrx_word' id='word_1_180' title='bbox 653 2655 761 2718; x_wconf 87' lang='lat' dir='ltr'>Iesum</span> <span class='ocrx_word' id='word_1_181' title='bbox 776 2673 847 2719; x_wconf 87' lang='lat' dir='ltr'>esse</span> <span class='ocrx_word' id='word_1_182' title='bbox 864 2652 1035 2720; x_wconf 85' lang='lat' dir='ltr'>Christum.</span> <span class='ocrx_word' id='word_1_183' title='bbox 1050 2652 1276 2737; x_wconf 89' lang='lat' dir='ltr'>propterquod</span> 
     </span>
     <span class='ocr_line' id='line_1_22' title="bbox 125 2759 1276 2834; baseline 0.001 -11"><span class='ocrx_word' id='word_1_184' title='bbox 125 2766 157 2823; x_wconf 84' lang='lat' dir='ltr'>et</span> <span class='ocrx_word' id='word_1_185' title='bbox 174 2762 334 2833; x_wconf 87' lang='lat' dir='ltr'>hortatur,</span> <span class='ocrx_word' id='word_1_186' title='bbox 355 2764 396 2825; x_wconf 91' lang='lat' dir='ltr'>ut</span> <span class='ocrx_word' id='word_1_187' title='bbox 415 2760 612 2825; x_wconf 87' lang='lat' dir='ltr'>credamus</span> <span class='ocrx_word' id='word_1_188' title='bbox 635 2761 776 2824; x_wconf 88' lang='lat' dir='ltr'>nomini</span> <span class='ocrx_word' id='word_1_189' title='bbox 800 2760 879 2824; x_wconf 83' lang='lat' dir='ltr'>filii</span> <span class='ocrx_word' id='word_1_190' title='bbox 904 2761 985 2824; x_wconf 91' lang='lat' dir='ltr'>eius</span> <span class='ocrx_word' id='word_1_191' title='bbox 1009 2761 1096 2826; x_wconf 89' lang='lat' dir='ltr'>lesu</span> <span class='ocrx_word' id='word_1_192' title='bbox 1117 2759 1276 2834; x_wconf 85' lang='lat' dir='ltr'>Christi,</span> 
     </span>
    </p>
   </div>
   <div class='ocr_carea' id='block_1_3' title="bbox 83 2866 1276 3483">
    <p class='ocr_par' dir='ltr' id='par_1_3' title="bbox 83 2866 1276 3483">
     <span class='ocr_line' id='line_1_23' title="bbox 123 2866 1275 2951; baseline 0 -21"><span class='ocrx_word' id='word_1_193' title='bbox 123 2874 161 2930; x_wconf 91' lang='lat' dir='ltr'>ut</span> <span class='ocrx_word' id='word_1_194' title='bbox 187 2866 316 2931; x_wconf 89' lang='lat' dir='ltr'>scilicet</span> <span class='ocrx_word' id='word_1_195' title='bbox 339 2867 549 2932; x_wconf 89' lang='lat' dir='ltr'>commuuio</span> <span class='ocrx_word' id='word_1_196' title='bbox 575 2869 626 2932; x_wconf 87' lang='lat' dir='ltr'>sit</span> <span class='ocrx_word' id='word_1_197' title='bbox 648 2868 758 2932; x_wconf 87' lang='lat' dir='ltr'>nohis</span> <span class='ocrx_word' id='word_1_198' title='bbox 783 2887 865 2933; x_wconf 91' lang='lat' dir='ltr'>cum</span> <span class='ocrx_word' id='word_1_199' title='bbox 889 2871 995 2951; x_wconf 88' lang='lat' dir='ltr'>patre</span> <span class='ocrx_word' id='word_1_200' title='bbox 1020 2871 1057 2932; x_wconf 91' lang='lat' dir='ltr'>et</span> <span class='ocrx_word' id='word_1_201' title='bbox 1081 2867 1166 2932; x_wconf 87' lang='lat' dir='ltr'>lilio</span> <span class='ocrx_word' id='word_1_202' title='bbox 1192 2867 1275 2931; x_wconf 87' lang='lat' dir='ltr'>eius</span> 
     </span>
     <span class='ocr_line' id='line_1_24' title="bbox 123 2970 1273 3056; baseline -0.001 -20"><span class='ocrx_word' id='word_1_203' title='bbox 123 2973 211 3037; x_wconf 89' lang='lat' dir='ltr'>lesu</span> <span class='ocrx_word' id='word_1_204' title='bbox 229 2970 394 3038; x_wconf 90' lang='lat' dir='ltr'>Christo.</span> <span class='ocrx_word' id='word_1_205' title='bbox 409 2974 457 3037; x_wconf 91' lang='lat' dir='ltr'>sic</span> <span class='ocrx_word' id='word_1_206' title='bbox 472 2977 505 3037; x_wconf 86' lang='lat' dir='ltr'>et</span> <span class='ocrx_word' id='word_1_207' title='bbox 514 2973 634 3038; x_wconf 88' lang='lat' dir='ltr'>Paulus</span> <span class='ocrx_word' id='word_1_208' title='bbox 649 2974 768 3055; x_wconf 92' lang='lat' dir='ltr'>ubique</span> <span class='ocrx_word' id='word_1_209' title='bbox 779 2973 873 3037; x_wconf 90' lang='lat' dir='ltr'>deum</span> <span class='ocrx_word' id='word_1_210' title='bbox 888 2977 1011 3056; x_wconf 85' lang='lat' dir='ltr'>patrem</span> <span class='ocrx_word' id='word_1_211' title='bbox 1027 2973 1117 3055; x_wconf 90' lang='lat' dir='ltr'>pouit</span> <span class='ocrx_word' id='word_1_212' title='bbox 1128 2976 1160 3037; x_wconf 90' lang='lat' dir='ltr'>et</span> <span class='ocrx_word' id='word_1_213' title='bbox 1175 2972 1273 3038; x_wconf 90' lang='lat' dir='ltr'>dorni-</span> 
     </span>
     <span class='ocr_line' id='line_1_25' title="bbox 124 3078 1273 3163; baseline 0.003 -23"><span class='ocrx_word' id='word_1_214' title='bbox 124 3098 201 3143; x_wconf 88' lang='lat' dir='ltr'>num</span> <span class='ocrx_word' id='word_1_215' title='bbox 215 3083 361 3143; x_wconf 88' lang='lat' dir='ltr'>nostrum</span> <span class='ocrx_word' id='word_1_216' title='bbox 377 3079 484 3144; x_wconf 90' lang='lat' dir='ltr'>lesum</span> <span class='ocrx_word' id='word_1_217' title='bbox 500 3078 673 3144; x_wconf 88' lang='lat' dir='ltr'>Christum.</span> <span class='ocrx_word' id='word_1_218' title='bbox 693 3099 766 3143; x_wconf 87' lang='lat' dir='ltr'>cum</span> <span class='ocrx_word' id='word_1_219' title='bbox 786 3080 825 3144; x_wconf 91' lang='lat' dir='ltr'>ad</span> <span class='ocrx_word' id='word_1_220' title='bbox 840 3081 999 3144; x_wconf 85' lang='lat' dir='ltr'>Romanos</span> <span class='ocrx_word' id='word_1_221' title='bbox 1015 3081 1136 3158; x_wconf 87' lang='lat' dir='ltr'>scribit,</span> <span class='ocrx_word' id='word_1_222' title='bbox 1154 3080 1273 3163; x_wconf 84' lang='lat' dir='ltr'>gratias</span> 
     </span>
     <span class='ocr_line' id='line_1_26' title="bbox 83 3185 1275 3268; baseline 0.002 -20"><span class='ocrx_word' id='word_1_223' title='bbox 83 3187 192 3268; x_wconf 70' lang='lat' dir='ltr'>ssagit</span> <span class='ocrx_word' id='word_1_224' title='bbox 224 3186 284 3250; x_wconf 92' lang='lat' dir='ltr'>deo</span> <span class='ocrx_word' id='word_1_225' title='bbox 317 3205 373 3267; x_wconf 93' lang='lat' dir='ltr'>per</span> <span class='ocrx_word' id='word_1_226' title='bbox 404 3185 568 3251; x_wconf 87' lang='lat' dir='ltr'>dominum</span> <span class='ocrx_word' id='word_1_227' title='bbox 600 3189 746 3251; x_wconf 89' lang='lat' dir='ltr'>nostrum</span> <span class='ocrx_word' id='word_1_228' title='bbox 777 3187 885 3251; x_wconf 88' lang='lat' dir='ltr'>Iesum</span> <span class='ocrx_word' id='word_1_229' title='bbox 916 3187 1092 3262; x_wconf 78' lang='lat' dir='ltr'>Christum3</span> <span class='ocrx_word' id='word_1_230' title='bbox 1129 3206 1200 3251; x_wconf 90' lang='lat' dir='ltr'>cum</span> <span class='ocrx_word' id='word_1_231' title='bbox 1235 3186 1275 3250; x_wconf 89' lang='lat' dir='ltr'>ad</span> 
     </span>
     <span class='ocr_line' id='line_1_27' title="bbox 127 3292 1276 3376; baseline 0 -20"><span class='ocrx_word' id='word_1_232' title='bbox 127 3292 270 3369; x_wconf 86' lang='lat' dir='ltr'>Galatas,</span> <span class='ocrx_word' id='word_1_233' title='bbox 305 3313 366 3357; x_wconf 85' lang='lat' dir='ltr'>uon</span> <span class='ocrx_word' id='word_1_234' title='bbox 400 3294 439 3356; x_wconf 86' lang='lat' dir='ltr'>ab</span> <span class='ocrx_word' id='word_1_235' title='bbox 468 3293 650 3357; x_wconf 87' lang='lat' dir='ltr'>hominihus</span> <span class='ocrx_word' id='word_1_236' title='bbox 681 3312 714 3356; x_wconf 92' lang='lat' dir='ltr'>se</span> <span class='ocrx_word' id='word_1_237' title='bbox 747 3295 929 3376; x_wconf 86' lang='lat' dir='ltr'>apostolum</span> <span class='ocrx_word' id='word_1_238' title='bbox 962 3293 1099 3376; x_wconf 82' lang='lat' dir='ltr'>praefert</span> <span class='ocrx_word' id='word_1_239' title='bbox 1131 3312 1189 3357; x_wconf 88' lang='lat' dir='ltr'>neo</span> <span class='ocrx_word' id='word_1_240' title='bbox 1220 3311 1276 3375; x_wconf 90' lang='lat' dir='ltr'>per</span> 
     </span>
     <span class='ocr_line' id='line_1_28' title="bbox 125 3399 1274 3483; baseline 0.002 -22"><span class='ocrx_word' id='word_1_241' title='bbox 125 3399 298 3474; x_wconf 88' lang='lat' dir='ltr'>homiuem,</span> <span class='ocrx_word' id='word_1_242' title='bbox 322 3399 379 3463; x_wconf 89' lang='lat' dir='ltr'>sed</span> <span class='ocrx_word' id='word_1_243' title='bbox 401 3419 458 3483; x_wconf 87' lang='lat' dir='ltr'>per</span> <span class='ocrx_word' id='word_1_244' title='bbox 479 3400 586 3464; x_wconf 91' lang='lat' dir='ltr'>lesum</span> <span class='ocrx_word' id='word_1_245' title='bbox 608 3399 771 3465; x_wconf 85' lang='lat' dir='ltr'>Christum</span> <span class='ocrx_word' id='word_1_246' title='bbox 796 3405 829 3464; x_wconf 88' lang='lat' dir='ltr'>et</span> <span class='ocrx_word' id='word_1_247' title='bbox 853 3399 947 3464; x_wconf 92' lang='lat' dir='ltr'>deum</span> <span class='ocrx_word' id='word_1_248' title='bbox 967 3405 1098 3483; x_wconf 87' lang='lat' dir='ltr'>patrem.</span> <span class='ocrx_word' id='word_1_249' title='bbox 1124 3405 1155 3463; x_wconf 91' lang='lat' dir='ltr'>et</span> <span class='ocrx_word' id='word_1_250' title='bbox 1178 3399 1274 3464; x_wconf 85' lang='lat' dir='ltr'>hahes</span> 
     </span>
    </p>
   </div>
   <div class='ocr_carea' id='block_1_4' title="bbox 127 3588 1274 3834">
    <p class='ocr_par' dir='ltr' id='par_1_4' title="bbox 127 3588 1274 3834">
     <span class='ocr_line' id='line_1_29' title="bbox 216 3588 1274 3658; baseline -0.001 -16"><span class='ocrx_word' id='word_1_251' title='bbox 216 3589 262 3657; x_wconf 79' lang='lat'>10]</span> <span class='ocrx_word' id='word_1_252' title='bbox 283 3590 343 3642; x_wconf 72' lang='lat' dir='ltr'>Act.</span> <span class='ocrx_word' id='word_1_253' title='bbox 361 3589 387 3655; x_wconf 87' lang='lat'>4,</span> <span class='ocrx_word' id='word_1_254' title='bbox 405 3589 449 3642; x_wconf 71' lang='lat'>27.</span> <span class='ocrx_word' id='word_1_255' title='bbox 507 3590 550 3658; x_wconf 78' lang='lat'>15]</span> <span class='ocrx_word' id='word_1_256' title='bbox 572 3588 631 3644; x_wconf 77' lang='lat' dir='ltr'>scr.</span> <span class='ocrx_word' id='word_1_257' title='bbox 650 3590 675 3655; x_wconf 81' lang='lat'>2,</span> <span class='ocrx_word' id='word_1_258' title='bbox 696 3589 738 3642; x_wconf 76' lang='lat'>35.</span> <span class='ocrx_word' id='word_1_259' title='bbox 797 3589 1116 3658; x_wconf 71' lang='lat' dir='ltr'>18]cs.110h.a,22.</span> <span class='ocrx_word' id='word_1_260' title='bbox 1174 3589 1274 3658; x_wconf 83' lang='lat' dir='ltr'>19]cf.</span> 
     </span>
     <span class='ocr_line' id='line_1_30' title="bbox 127 3675 1273 3748; baseline 0.003 -21"><span class='ocrx_word' id='word_1_261' title='bbox 127 3675 401 3744; x_wconf 78' lang='lat' dir='ltr'>110u.5,1;4‚2.</span> <span class='ocrx_word' id='word_1_262' title='bbox 457 3676 612 3746; x_wconf 69' lang='lat'>21111011.</span> <span class='ocrx_word' id='word_1_263' title='bbox 632 3678 657 3738; x_wconf 86' lang='lat'>3,</span> <span class='ocrx_word' id='word_1_264' title='bbox 677 3678 719 3732; x_wconf 79' lang='lat'>23.</span> <span class='ocrx_word' id='word_1_265' title='bbox 781 3675 936 3746; x_wconf 70' lang='lat' dir='ltr'>aullloh.</span> <span class='ocrx_word' id='word_1_266' title='bbox 958 3678 981 3738; x_wconf 92' lang='lat'>1,</span> <span class='ocrx_word' id='word_1_267' title='bbox 1002 3679 1025 3732; x_wconf 81' lang='lat'>3.</span> <span class='ocrx_word' id='word_1_268' title='bbox 1076 3677 1273 3748; x_wconf 69' lang='lat' dir='ltr'>‘dilelltoru</span> 
     </span>
     <span class='ocr_line' id='line_1_31' title="bbox 128 3765 521 3834; baseline 0.008 -18"><span class='ocrx_word' id='word_1_269' title='bbox 128 3765 193 3818; x_wconf 83' lang='grc'>1.8.</span> <span class='ocrx_word' id='word_1_270' title='bbox 251 3766 297 3834; x_wconf 78' lang='lat'>26]</span> <span class='ocrx_word' id='word_1_271' title='bbox 318 3765 352 3819; x_wconf 84' lang='lat' dir='ltr'>ci·</span> <span class='ocrx_word' id='word_1_272' title='bbox 373 3765 432 3820; x_wconf 88' lang='lat' dir='ltr'>Gal.</span> <span class='ocrx_word' id='word_1_273' title='bbox 454 3768 477 3828; x_wconf 91' lang='lat' dir='ltr'>l,</span> <span class='ocrx_word' id='word_1_274' title='bbox 500 3767 521 3819; x_wconf 95' lang='lat'>1.</span> 
     </span>
    </p>
   </div>
   <div class='ocr_carea' id='block_1_5' title="bbox 128 3887 1275 4405">
    <p class='ocr_par' dir='ltr' id='par_1_5' title="bbox 128 3887 1275 4405">
     <span class='ocr_line' id='line_1_32' title="bbox 163 3887 1274 3952; baseline 0.004 -11"><span class='ocrx_word' id='word_1_275' title='bbox 163 3892 174 3941; x_wconf 97' lang='lat' dir='ltr'>l</span> <span class='ocrx_word' id='word_1_276' title='bbox 196 3895 240 3943; x_wconf 87' lang='lat' dir='ltr'>est</span> <span class='ocrx_word' id='word_1_277' title='bbox 258 3904 309 3942; x_wconf 86' lang='lat' dir='ltr'>om.</span> <span class='ocrx_word' id='word_1_278' title='bbox 328 3887 357 3940; x_wconf 71' lang='lat' dir='ltr'>h</span> <span class='ocrx_word' id='word_1_279' title='bbox 406 3891 538 3943; x_wconf 85' lang='lat' dir='ltr'>2unctus</span> <span class='ocrx_word' id='word_1_280' title='bbox 558 3890 628 3942; x_wconf 90' lang='lat' dir='ltr'>enim</span> <span class='ocrx_word' id='word_1_281' title='bbox 647 3889 1047 3952; x_wconf 71' lang='lat' dir='ltr'>1o³,enununerusr›o1o‘a1</span> <span class='ocrx_word' id='word_1_282' title='bbox 1106 3891 1274 3945; x_wconf 70' lang='lat' dir='ltr'>dcalciatus</span> 
     </span>
     <span class='ocr_line' id='line_1_33' title="bbox 128 3978 1275 4047; baseline 0.004 -18"><span class='ocrx_word' id='word_1_283' title='bbox 128 3978 222 4044; x_wconf 81' lang='lat' dir='ltr'>PMF,</span> <span class='ocrx_word' id='word_1_284' title='bbox 247 3978 381 4032; x_wconf 83' lang='lat' dir='ltr'>calceatus</span> <span class='ocrx_word' id='word_1_285' title='bbox 403 3979 523 4047; x_wconf 79' lang='lat' dir='ltr'>Ruulpo</span> <span class='ocrx_word' id='word_1_286' title='bbox 599 3996 632 4032; x_wconf 92' lang='lat' dir='ltr'>an</span> <span class='ocrx_word' id='word_1_287' title='bbox 661 3978 728 4032; x_wconf 82' lang='lat' dir='ltr'>Uro:</span> <span class='ocrx_word' id='word_1_288' title='bbox 751 3989 780 4032; x_wconf 84' lang='lat' dir='ltr'>st</span> <span class='ocrx_word' id='word_1_289' title='bbox 803 3979 894 4032; x_wconf 80' lang='lat' dir='ltr'>PMF</span> <span class='ocrx_word' id='word_1_290' title='bbox 956 3979 988 4034; x_wconf 90' lang='lat'>10</span> <span class='ocrx_word' id='word_1_291' title='bbox 1016 3980 1145 4032; x_wconf 82' lang='lat' dir='ltr'>ecclesiae</span> <span class='ocrx_word' id='word_1_292' title='bbox 1173 3997 1224 4034; x_wconf 81' lang='lat' dir='ltr'>orn.</span> <span class='ocrx_word' id='word_1_293' title='bbox 1247 3981 1275 4034; x_wconf 92' lang='lat' dir='ltr'><em>P</em></span> 
     </span>
     <span class='ocr_line' id='line_1_34' title="bbox 129 4067 1272 4135; baseline 0.003 -16"><span class='ocrx_word' id='word_1_294' title='bbox 129 4067 203 4128; x_wconf 86' lang='lat' dir='ltr'>(odd.</span> <span class='ocrx_word' id='word_1_295' title='bbox 226 4067 254 4121; x_wconf 85' lang='lat' dir='ltr'><em>R</em></span> <span class='ocrx_word' id='word_1_296' title='bbox 276 4083 311 4120; x_wconf 79' lang='lat' dir='ltr'>ex</span> <span class='ocrx_word' id='word_1_297' title='bbox 333 4067 540 4135; x_wconf 75' lang='lat' dir='ltr'>Hirsoupienscl</span> <span class='ocrx_word' id='word_1_298' title='bbox 615 4067 645 4120; x_wconf 95' lang='lat' dir='ltr'>ll</span> <span class='ocrx_word' id='word_1_299' title='bbox 677 4067 765 4120; x_wconf 88' lang='lat' dir='ltr'>lesum</span> <span class='ocrx_word' id='word_1_300' title='bbox 793 4067 859 4120; x_wconf 83' lang='lat' dir='ltr'>odd.</span> <span class='ocrx_word' id='word_1_301' title='bbox 884 4068 957 4120; x_wconf 84' lang='lat' dir='ltr'>Pom</span> <span class='ocrx_word' id='word_1_302' title='bbox 1035 4069 1068 4120; x_wconf 84' lang='lat'>14</span> <span class='ocrx_word' id='word_1_303' title='bbox 1096 4068 1171 4122; x_wconf 89' lang='lat' dir='ltr'>Iesus</span> <span class='ocrx_word' id='word_1_304' title='bbox 1200 4071 1272 4124; x_wconf 83' lang='lat' dir='ltr'>idern</span> 
     </span>
     <span class='ocr_line' id='line_1_35' title="bbox 129 4155 1273 4228; baseline 0.005 -22"><span class='ocrx_word' id='word_1_305' title='bbox 129 4155 193 4222; x_wconf 72' lang='lat' dir='ltr'>off,</span> <span class='ocrx_word' id='word_1_306' title='bbox 221 4155 347 4210; x_wconf 86' lang='lat' dir='ltr'>dominus</span> <span class='ocrx_word' id='word_1_307' title='bbox 375 4155 446 4209; x_wconf 87' lang='lat' dir='ltr'>idem</span> <span class='ocrx_word' id='word_1_308' title='bbox 470 4156 497 4209; x_wconf 92' lang='lat' dir='ltr'><em>P</em></span> <span class='ocrx_word' id='word_1_309' title='bbox 523 4157 565 4225; x_wconf 79' lang='lat' dir='ltr'>(in</span> <span class='ocrx_word' id='word_1_310' title='bbox 587 4173 637 4224; x_wconf 78' lang='lat' dir='ltr'>mp.</span> <span class='ocrx_word' id='word_1_311' title='bbox 666 4156 744 4209; x_wconf 87' lang='lat' dir='ltr'>Iesus</span> <span class='ocrx_word' id='word_1_312' title='bbox 767 4157 840 4210; x_wconf 87' lang='lat' dir='ltr'>idem</span> <span class='ocrx_word' id='word_1_313' title='bbox 865 4157 929 4210; x_wconf 85' lang='lat' dir='ltr'>odd.</span> <span class='ocrx_word' id='word_1_314' title='bbox 959 4158 986 4212; x_wconf 87' lang='lat' dir='ltr'><em>R</em></span> <span class='ocrx_word' id='word_1_315' title='bbox 1009 4175 1042 4212; x_wconf 84' lang='lat' dir='ltr'>ecc</span> <span class='ocrx_word' id='word_1_316' title='bbox 1066 4158 1273 4228; x_wconf 72' lang='lat' dir='ltr'>Hirsaupiarase&#39;)</span> 
     </span>
     <span class='ocr_line' id='line_1_36' title="bbox 131 4245 1270 4316; baseline 0.005 -22"><span class='ocrx_word' id='word_1_317' title='bbox 131 4245 160 4296; x_wconf 89' lang='grc'>16</span> <span class='ocrx_word' id='word_1_318' title='bbox 178 4245 317 4299; x_wconf 86' lang='lat' dir='ltr'>domiuum</span> <span class='ocrx_word' id='word_1_319' title='bbox 341 4249 369 4298; x_wconf 88' lang='lat' dir='ltr'>et</span> <span class='ocrx_word' id='word_1_320' title='bbox 386 4245 429 4313; x_wconf 82' lang='lat' dir='ltr'>M,</span> <span class='ocrx_word' id='word_1_321' title='bbox 453 4246 531 4298; x_wconf 89' lang='lat' dir='ltr'>deum</span> <span class='ocrx_word' id='word_1_322' title='bbox 556 4252 585 4298; x_wconf 86' lang='lat' dir='ltr'>et</span> <span class='ocrx_word' id='word_1_323' title='bbox 602 4246 629 4299; x_wconf 93' lang='lat' dir='ltr'><strong><em>P</em></strong></span> <span class='ocrx_word' id='word_1_324' title='bbox 650 4248 730 4313; x_wconf 85' lang='lat' dir='ltr'>(corr.</span> <span class='ocrx_word' id='word_1_325' title='bbox 751 4245 796 4310; x_wconf 70' lang='lat' dir='ltr'>Rp,</span> <span class='ocrx_word' id='word_1_326' title='bbox 817 4245 896 4300; x_wconf 86' lang='lat' dir='ltr'>deum</span> <span class='ocrx_word' id='word_1_327' title='bbox 916 4247 946 4299; x_wconf 91' lang='lat' dir='ltr'><em>F</em></span> <span class='ocrx_word' id='word_1_328' title='bbox 997 4249 1030 4302; x_wconf 79' lang='lat'>25</span> <span class='ocrx_word' id='word_1_329' title='bbox 1050 4247 1270 4316; x_wconf 80' lang='lat' dir='ltr'>por-Christum</span> 
     </span>
     <span class='ocr_line' id='line_1_37' title="bbox 129 4333 675 4405; baseline 0.007 -21"><span class='ocrx_word' id='word_1_330' title='bbox 129 4348 176 4386; x_wconf 84' lang='lat' dir='ltr'>om.</span> <span class='ocrx_word' id='word_1_331' title='bbox 194 4333 225 4386; x_wconf 86' lang='lat' dir='ltr'><strong><em>F</em></strong></span> <span class='ocrx_word' id='word_1_332' title='bbox 241 4333 320 4399; x_wconf 82' lang='lat' dir='ltr'>(add.</span> <span class='ocrx_word' id='word_1_333' title='bbox 338 4335 371 4387; x_wconf 76' lang='lat' dir='ltr'>iu</span> <span class='ocrx_word' id='word_1_334' title='bbox 387 4351 439 4405; x_wconf 70' lang='grc' dir='ltr'>τηρ.</span> <span class='ocrx_word' id='word_1_335' title='bbox 458 4335 591 4388; x_wconf 81' lang='lat' dir='ltr'>librarius</span> <span class='ocrx_word' id='word_1_336' title='bbox 609 4335 675 4402; x_wconf 67' lang='lat' dir='ltr'>lpse)</span> 
     </span>
    </p>
   </div>
   <div class='ocr_carea' id='block_1_6' title="bbox 0 0 1633 4959">
    <p class='ocr_par' dir='ltr' id='par_1_6' title="bbox 0 0 1633 4959">
     <span class='ocr_line' id='line_1_38' title="bbox 0 0 1633 4959; baseline 0 0"><span class='ocrx_word' id='word_1_337' title='bbox 0 0 1633 4959; x_wconf 95' lang='lat' dir='ltr'> </span> 
     </span>
    </p>
   </div>
  </div>
 </body>
</html>
