3250 4959
303 395 367 458 252
532 389 649 455 Quinti
669 390 811 460 Septimi
831 389 1000 444 Florentia
1019 389 1224 443 Tertulliani

304 605 419 666 quam
439 603 508 668 per
527 585 793 667 speculumin
816 586 1055 669 aenigmate,
1074 589 1170 649 tunc
1190 590 1322 651 eutem
1343 585 1470 649 facie

304 691 349 755 ad
377 692 533 757 faciem.
565 692 665 776 igitur
698 711 770 756 cum
800 692 904 775 Moysi
934 695 1041 757 seruat
1068 698 1273 775 conspectum
1298 713 1402 756 suum
1432 698 1467 755 et

304 799 499 882 colloquium
527 800 608 863 facie
636 799 676 863 ad
703 799 817 863 faciem
845 799 877 862 in
905 799 1059 875 futurum,
1083 835 1126 844 —
1150 819 1221 863 nam
1252 800 1310 863 hoc
1337 803 1467 881 postea

303 905 511 988 adimpletum
535 911 585 969 est
608 907 638 970 in
659 906 776 970 montis
796 925 936 978 secessu,
962 907 1046 970 sicut
1069 907 1207 989 legimus
1228 906 1258 968 in
1282 905 1463 988 euangelio

303 1013 409 1076 uisum
434 1031 506 1076 cum
530 1013 586 1077 illo
607 1013 739 1096 Moysen
760 1013 991 1094 colloquentem
1011 1050 1054 1058 -
1074 1016 1204 1096 apparet
1222 1016 1304 1076 retro
1325 1030 1465 1093 semper
1495 1036 1505 1070 s

303 1120 334 1182 in
359 1121 488 1201 speculo
518 1126 550 1183 et
580 1119 759 1204 aenigmate
787 1125 820 1183 et
847 1120 971 1186 uisione
1001 1125 1032 1186 91
1060 1121 1183 1185 somnio
1212 1120 1316 1193 deum,
1343 1119 1380 1182 id
1407 1127 1462 1182 est

303 1225 404 1289 filium
430 1226 490 1304 clei,
515 1227 634 1302 uisum,
663 1232 728 1290 tam
752 1227 917 1309 prophetis
941 1231 974 1291 et
1001 1227 1189 1310 patriarchis
1213 1245 1307 1309 quam
1332 1229 1365 1290 et
1388 1226 1459 1307 ipsi

305 1332 407 1397 adhuc
439 1333 555 1414 Moysi.
590 1337 621 1397 et
652 1334 722 1414 ipse
756 1333 885 1415 quidem
919 1333 1076 1412 dominus,
1106 1333 1134 1399 si
1162 1334 1243 1397 forte
1276 1351 1380 1398 coram
1416 1332 1457 1395 ad

303 1439 416 1503 faciem
454 1439 656 1521 loquebatur,
701 1459 762 1504 non
798 1444 914 1515 tamen,
952 1445 989 1504 ut
1026 1444 1058 1504 et
1095 1441 1188 1505 homo
1225 1439 1338 1503 faciem
1382 1439 1457 1503 eius

303 1546 436 1621 uideret,
468 1546 530 1610 nisi
557 1546 638 1610 forte
665 1546 697 1610 iu
726 1546 867 1629 speculo,
897 1549 929 1611 in
958 1547 1145 1630 aenigmate.
1178 1545 1318 1627 denique
1346 1545 1374 1609 si
1407 1547 1455 1610 sic
1476 1569 1500 1606 ιο

303 1652 407 1734 Moysi
430 1652 560 1717 locutus
580 1657 666 1717 esset
685 1653 842 1730 domiuus,
867 1657 904 1717 ut
927 1656 960 1716 et
976 1654 1104 1735 Moyses
1123 1653 1237 1717 faciem
1262 1653 1330 1716 eius
1353 1653 1456 1715 comi-

305 1778 364 1823 nus
385 1760 491 1836 seiret,
511 1760 669 1842 quomodo
689 1761 799 1824 statim
819 1765 913 1842 atque
933 1759 1050 1825 ibidem
1072 1760 1231 1824 desiderat
1249 1760 1360 1823 faciem
1382 1761 1454 1823 eius

304 1865 424 1941 nidere,
454 1885 560 1948 quem,
585 1867 660 1948 quia
683 1867 816 1943 uiderat,
840 1887 900 1932 non
925 1867 1141 1931 desideraret?
1170 1865 1329 1949 quomodo
1352 1883 1455 1947 aeque

304 1974 336 2034 et
355 1971 503 2036 dominus
528 1977 623 2056 negat
645 1972 748 2036 uideri
771 1972 886 2037 faciem
906 1993 996 2037 suam
1016 1991 1121 2055 posse,
1147 1991 1242 2054 quam
1262 1970 1453 2043 ostenderat,

304 2078 330 2140 si
355 2083 459 2142 tamen
481 2079 684 2144 ostenderat?
704 2082 760 2143 aut
779 2098 860 2160 quae
880 2084 929 2144 est
948 2079 1044 2143 facies
1066 2079 1125 2154 dei,
1147 2078 1240 2142 euius
1260 2084 1450 2159 conspectus
1471 2101 1495 2138 rs
1601 2135 1602 2144 2

303 2187 456 2268 negatur?
481 2187 510 2249 si
533 2189 600 2250 erat
622 2204 702 2268 quae
727 2187 797 2250 uisa
822 2191 882 2262 est,
902 2225 945 2232 -
965 2185 1062 2262 uidi,
1086 2187 1192 2268 inquit
1210 2185 1316 2262 Iacob,
1336 2184 1449 2248 deum

304 2292 1450 2370 facieadfaeiem,etsaluafactaestanimamea—alin

304 2397 397 2462 debet
431 2417 501 2463 esse
533 2399 642 2471 facies,
676 2419 765 2480 quae,
798 2399 826 2463 si
859 2399 1016 2476 uideatur,
1048 2399 1174 2463 oceidit.
1209 2403 1265 2462 eut
1296 2397 1449 2479 numquid

304 2504 389 2569 filins
423 2505 550 2586 quidem
585 2506 762 2583 uidebatur,
795 2542 840 2551 -
873 2506 933 2569 etsi
971 2505 1062 2583 facie,
1101 2505 1157 2570 sed
1189 2505 1295 2587 ipsum
1328 2505 1386 2567 hoc
1418 2503 1448 2565 in

305 2612 427 2676 uisioue
460 2616 493 2676 et
525 2613 648 2676 somnio
683 2617 716 2676 et
743 2612 872 2695 speculo
902 2619 935 2676 et
963 2613 1151 2696 aenigmate,
1186 2611 1261 2693 quia
1288 2629 1389 2675 sermo
1419 2613 1490 2672 etse

304 2718 436 2799 spiritus
465 2719 526 2782 nisi
559 2720 745 2802 imaginaria
773 2720 876 2784 forma
903 2719 1006 2783 uideri
1039 2738 1099 2784 non
1131 2722 1239 2802 potest
1266 2755 1310 2764 -
1337 2716 1446 2781 faciem

305 2830 410 2888 autem
439 2845 530 2888 suam
555 2825 635 2889 dicit
656 2825 853 2890 inuisibilem
878 2829 1022 2907 patrem?
1051 2825 1122 2907 quis
1145 2825 1229 2890 euim
1252 2829 1362 2908 pater?
1387 2843 1446 2887 noo

303 2931 401 2994 facies
434 2933 495 2994 erit
525 2932 583 2994 filii
616 2933 743 2996 nomine
776 2933 987 3010 auctoritatis
1026 2951 1120 3013 quam
1154 2932 1280 3018 genitus
1314 2952 1332 2995 a
1362 2935 1447 3013 patre

305 3037 529 3118 consequitur?
557 3058 617 3102 non
643 3039 725 3102 enim
751 3039 846 3102 etde
870 3040 976 3120 aliqua
1000 3040 1117 3104 maiore
1145 3057 1280 3121 persona
1307 3037 1447 3120 congruit

305 3143 423 3206 dicere:
449 3144 556 3208 ‘iacies
581 3164 651 3208 mea
675 3151 725 3209 est
747 3146 802 3213 ille
826 3145 942 3221 lromo’‚
968 3148 1014 3210 et:
1039 3146 1162 3209 ‘faciem
1181 3145 1260 3209 mihi
1279 3147 1445 3227 praestat’?
1463 3161 1488 3199 ιε

304 3257 431 3330 pater,
460 3251 574 3332 inquit,
604 3251 731 3315 maior
758 3271 815 3315 me
845 3255 915 3316 est.
945 3271 1018 3334 ergo
1051 3252 1148 3316 facies
1182 3252 1242 3314 erit
1269 3250 1327 3314 11111
1353 3253 1445 3332 pater.

392 3458 421 3525 4]
446 3457 479 3509 91.
502 3457 668 3526 Maen17,
693 3460 718 3511 3.
742 3458 823 3510 liare.
848 3459 873 3519 9,
898 3458 923 3512 3.
947 3457 1010 3514 Luc.
1035 3459 1062 3524 9,
1085 3459 1127 3511 30.
1185 3459 1228 3526 16]
1255 3457 1321 3514 Gen.
1345 3459 1387 3524 3¹2,
1405 3457 1444 3508 30.

304 3546 349 3614 26]
369 3545 426 3598 loh.
448 3548 489 3612 14,
509 3547 551 3598 211.

338 3673 355 3723 4
379 3688 487 3724 necessu
505 3671 541 3737 P,
565 3687 700 3724 secessum
720 3670 784 3722 MF
849 3672 865 3723 6
890 3671 994 3722 somuio
1013 3671 1048 3732 P,
1072 3687 1184 3739 sompno
1209 3670 1275 3723 ΜΓ
1339 3671 1355 3723 9
1375 3679 1403 3720 ut
1421 3671 1446 3718 et

303 3761 415 3826 scripsi:
433 3764 465 3812 ut
484 3765 526 3812 eet
544 3759 614 3825 PM,
634 3764 677 3812 est
690 3759 720 3811 F
733 3770 775 3823 lut
789 3778 809 3812 a.
827 3777 854 3812 u.
871 3777 888 3811 a
902 3776 936 3811 m.
954 3760 1025 3824 alic)
1079 3759 1111 3812 10
1124 3759 1152 3812 in
1168 3760 1325 3828 aenigmate
1339 3758 1406 3812 ΜΓ.
1421 3767 1445 3807 et

303 3851 331 3900 in
345 3851 499 3918 aenigmate
513 3850 541 3902 P
548 3850 632 3918 uulgo
684 3851 713 3901 11
732 3856 805 3902 esset
817 3850 931 3916 scripsi:
947 3853 988 3900 est
999 3848 1089 3900 PMF
1138 3849 1170 3901 13
1185 3849 1251 3916 quia
1266 3845 1445 3900 uideratliF.

305 3938 486 3992 siuideretP
535 3940 567 3990 15
583 3939 605 3991 si
621 3943 711 3991 tamen
728 3937 887 3990 ostenderat
901 3937 993 3993 omF
1041 3939 1232 4004 atquaesort.
1281 3938 1314 3989 16
1328 3947 1447 4004 negatur,

305 4028 327 4078 si
340 4027 426 4092 uotae
496 4029 677 4095 parenthesin
691 4027 834 4080 indicaui:
851 4028 910 4079 uisa
925 4027 985 4079 est‘?
1002 4025 1071 4078 uidi
1089 4026 1174 4092 uulgo
1228 4025 1260 4078 19
1272 4024 1447 4093 parenthesin

305 4114 432 4166 indicaui
485 4117 555 4169 facie
571 4116 618 4169 red
632 4117 745 4184 scripsi:
759 4116 842 4168 facies
858 4119 885 4168 et
895 4115 929 4177 F,
946 4115 1028 4168 iacies
1043 4114 1091 4167 sed
1106 4115 1169 4168 PM
1215 4114 1250 4166 20
1265 4115 1368 4166 somnio
1383 4112 1448 4172 PM,

304 4204 441 4256 somnoF
488 4205 520 4258 21
536 4206 646 4273 potest?
661 4205 758 4258 faciem
771 4206 857 4273 uulqo
907 4205 941 4256 22
957 4207 1069 4272 patrem.
1086 4204 1146 4271 quis
1161 4203 1245 4271 uulgo
1318 4201 1447 4254 nont'rs:

304 4309 367 4345 num
385 4293 476 4344 PMF
528 4293 562 4344 25
581 4297 710 4361 praestat.
731 4307 808 4362 pater
827 4294 910 4359 culqo
967 4293 999 4344 26
1020 4309 1061 4344 me
1081 4297 1123 4344 est
1142 4292 1204 4352 PF,
1224 4300 1266 4344 est
1284 4307 1327 4344 me
1347 4291 1382 4343 M
