3250 4959
298 389 358 455 XX
764 386 984 442 Praefatio.

298 602 328 665 p.
347 582 378 659 3,
399 578 444 669 2).
468 580 537 646 fieri
561 581 644 645 onim
666 583 785 663 potest,
804 583 842 647 ut
865 584 898 646 et
920 581 1080 648 uariamm
1103 583 1278 649 lectionum
1302 586 1335 650 et
1356 584 1452 650 inter·

299 688 497 772 polationum
520 706 637 773 magna
659 706 731 771 pars
755 706 817 753 non
838 686 940 753 codici
960 688 1015 754 sed
1034 690 1204 756 correctori
1221 690 1271 755 illi
1290 690 1451 759 debeatur.

343 794 436 861 Nunc
468 794 580 877 paucis
613 794 709 859 etiam
742 793 781 859 do
814 794 916 877 quinti
946 794 1061 860 decimi
1084 795 1206 862 saeculi
1227 797 1318 863 libris
1341 816 1451 863 munu-

299 900 437 985 scriptis,
471 900 509 966 de
540 900 733 965 Florentinis
765 899 858 965 Fet
885 898 979 965 Not
1007 901 1045 966 de
1074 921 1111 967 eo
1139 901 1259 984 codice,
1292 922 1386 986 quem
1417 903 1451 968 in

297 1007 478 1075 edomanda
509 1007 604 1073 tertia
631 1006 770 1073 editione
793 1006 827 1073 in
850 1027 948 1072 usum
970 1009 1102 1074 uocauit
1123 1008 1243 1075 Beatus
1266 1008 1450 1091 Rhenanus,

300 1114 503 1181 Gomienssm
527 1112 597 1179 dico
620 1112 715 1179 hodie
740 1113 951 1197 deperditum,
975 1115 1014 1179 da
1039 1115 1154 1197 quibus
1181 1115 1327 1182 omnibus
1350 1116 1450 1182 latius

299 1220 461 1305 disputaui
484 1218 646 1285 Kritiscbe
675 1218 883 1285 Vororbce'tcn
904 1241 936 1304 p.
961 1223 1082 1286 4-13.

343 1328 538 1393 Assornatur
561 1326 659 1392 codex
680 1326 928 1392 Florentinus
951 1327 988 1391 F
1010 1327 1180 1409 (Consenti
1204 1329 1365 1413 soppressi
1393 1328 1450 1409 VI,

301 1434 356 1521 10)
379 1435 411 1500 iu
434 1433 630 1500 bibliotheca
652 1434 936 1519 Magliabechiuna.
966 1438 1016 1499 ost
1039 1435 1224 1500 chartaceus
1246 1436 1301 1513 (38
1326 1447 1359 1509 ><
1384 1436 1449 1516 30),

297 1542 329 1607 in
355 1540 476 1606 duabus
499 1540 644 1625 partibus
669 1543 825 1619 exaratus,
849 1560 867 1605 a
890 1540 1007 1623 quibus
1025 1541 1161 1624 priorem
1182 1541 1356 1607 secundum
1375 1542 1451 1607 sub-

299 1648 503 1731 scriptionem
540 1645 709 1729 descripsit
744 1664 824 1712 anno
865 1648 950 1712 1426
981 1648 1014 1713 in
1046 1647 1198 1714 coenobio
1230 1648 1451 1715 Ptoruhinensi

297 1754 395 1820 frater
415 1755 572 1819 Iohannes
597 1752 635 1818 de
658 1752 874 1833 mulenbach,
898 1754 1108 1839 posteriorem
1130 1756 1250 1822 ibidem
1274 1755 1450 1839 eodemque

299 1879 378 1926 anno
388 1861 410 1943 1)
444 1861 539 1926 frater
560 1859 700 1924 Thomas
734 1859 773 1924 da
804 1860 925 1945 Lypba.
957 1860 1088 1926 fluxisse
1119 1861 1204 1928 hunc
1237 1862 1380 1929 codicem
1412 1882 1450 1929 ex

298 1967 478 2052 apographo
497 1966 777 2051 Hirsaugiensium
795 1967 873 2033 olim
891 1966 1095 2033 incoenobio
1109 1968 1329 2035 Plorrhinonsi
1348 1988 1450 2035 asser·

298 2077 375 2139 nato
409 2092 492 2139 nuno
526 2071 689 2157 deperdito
723 2074 803 2139 satis
836 2074 930 2139 certis
968 2073 1146 2141 rationibus
1183 2076 1335 2159 probasse
1370 2075 1450 2140 mihi

298 2179 451 2259 uideor.¹)
473 2180 753 2265 neglegentissime
779 2183 887 2246 sutem
910 2183 1072 2246 sumntum
1094 2181 1196 2247 fuisse
1218 2180 1301 2249 illud
1319 2202 1451 2268 apogra-

297 2289 397 2373 phum
422 2308 458 2355 er
480 2287 603 2372 ingenti
627 2289 659 2353 et
681 2287 867 2353 lacunarum
891 2290 925 2353 ct
942 2288 1162 2377 mendoroml)
1185 2309 1316 2356 numero
1335 2309 1450 2374 cogno·

299 2396 409 2475 scitur,
428 2394 544 2478 quibus
560 2393 701 2460 caruisse
715 2394 963 2479 Hirsaugienses
978 2415 1015 2461 er
1032 2396 1137 2479 prima
1148 2396 1292 2463 Rhenani
1311 2396 1449 2463 aditione

299 2502 427 2568 scimus.
461 2500 607 2585 quamuis
640 2501 748 2566 autom
776 2501 879 2566 malae
903 2501 947 2567 sit
969 2506 1073 2582 notas,
1105 2507 1297 2569 tamennon
1321 2504 1448 2569 omnino

299 2606 562 2674 contemnendum
582 2609 632 2672 est
650 2607 719 2673 eius
743 2607 906 2673 auxilium.
931 2606 1126 2691 ubicumque
1151 2608 1235 2675 enim
1257 2628 1314 2692 pro
1337 2609 1448 2674 funde-

298 2718 404 2781 mento
427 2714 537 2799 posuit
558 2714 729 2779 Rhenanus
753 2712 1030 2780 Patemiacensem
1061 2715 1094 2779 in
1122 2734 1218 2781 nsum
1245 2717 1372 2779 tantum
1395 2714 1448 2779 ad·

297 2822 410 2887 bibitis
428 2819 724 2905 Hirsaugiensibus,
744 2837 820 2885 eum
838 2838 896 2885 nee
915 2823 1061 2886 accurate
1080 2839 1139 2885 nec
1156 2820 1250 2903 plene
1269 2820 1448 2885 excussisse

298 2930 510 3015 cognoscatur
533 2945 612 3009 quos
631 2946 706 3011 prae
724 2926 959 2993 Patemiacensi
977 2925 1118 3011 neglexit
1136 2926 1274 3007 codices,
1295 2928 1447 3010 quantum

298 3055 355 3101 nos
371 3035 502 3100 adiuuet
514 3032 715 3098 Florentinus
730 3032 767 3096 F
777 3032 808 3098 in
827 3033 1034 3099 restituendis
1052 3031 1143 3097 libris
1164 3032 1335 3118 deperditis
1354 3033 1449 3100 facile

296 3140 505 3226 intellegitur,
529 3158 586 3205 nec
611 3139 710 3205 semol
732 3138 806 3205 inde
829 3159 923 3205 suum
946 3138 1107 3204 redditum
1130 3159 1202 3207 esse
1224 3143 1302 3222 puto
1326 3139 1449 3204 Tertul-

296 3248 393 3314 liano.
420 3246 452 3310 in
478 3246 523 3311 eis
543 3250 650 3312 autem
668 3246 769 3325 libris,
795 3264 875 3329 quos
894 3264 931 3309 er
949 3244 1028 3311 solis
1046 3246 1330 3330 Hirsaugiensibus
1349 3243 1451 3311 edidit

297 3354 478 3431 Rhenanus,
508 3351 593 3418 sicut
615 3354 646 3417 in
672 3353 731 3417 hoc
754 3351 918 3417 uolumine
940 3352 1039 3417 libros
1063 3351 1216 3417 adoneus
1236 3350 1448 3426 Marcionera,

298 3480 371 3527 eum
395 3480 456 3526 non
482 3458 682 3526 adnotauorit
703 3458 833 3541 ubique,
862 3458 918 3523 ubi
941 3458 1068 3523 codices
1091 3458 1147 3523 ubi
1170 3456 1325 3523 iudicium
1354 3477 1447 3523 suum

344 3670 363 3737 ¹)
383 3669 415 3723 cf.
434 3668 490 3723 Dic
512 3653 896 3738 Tmoliten-Uberiusmnp
913 3668 946 3721 ia
963 3666 1071 3721 Italica
1089 3684 1116 3738 p.
1137 3667 1178 3722 13.

343 3755 523 3827 ²)Krite'eclec
546 3756 727 3811 Vorarbeitea
743 3773 770 3827 p.
790 3756 870 3811 6-7.

342 3846 470 3915 ¹)Qnam
493 3844 546 3900 ieci
569 3846 649 3899 huius
672 3842 773 3901 codicis
797 3845 970 3901 collationem
993 3844 1102 3915 plenam
1125 3849 1153 3900 et
1175 3845 1311 3916 integram
1329 3862 1383 3899 non
1404 3861 1448 3899 ex-

298 3936 385 4008 pressi
403 3936 457 3989 nisi
476 3934 509 3989 ad
527 3934 626 3989 librum
647 3934 680 3989 dc
695 3935 848 4004 patientia,
863 3937 895 3988 ut
908 3934 997 4005 qualis
1017 3935 1075 3989 eius
1095 3935 1132 3990 sit
1145 3934 1269 3990 condicio
1283 3934 1347 3988 inde
1361 3933 1449 4004 possit
1544 3947 1546 3950 ·

300 4024 427 4094 cognosci
433 4044 441 4089 ς
462 4026 591 4093 ceterum,
609 4039 644 4078 ne
657 4024 750 4077 inutili
766 4030 795 4078 et
805 4025 922 4079 moleste
937 4023 1106 4079 abundantia
1125 4034 1283 4079 oneraretur
1300 4026 1448 4095 apparatus

299 4112 418 4178 criticus,
436 4112 466 4167 in
484 4111 613 4167 notandis
631 4112 716 4167 uariis
736 4114 793 4167 eius
811 4112 977 4169 lectionibus
1000 4114 1109 4185 parcior
1130 4130 1212 4183 qoam
1234 4111 1371 4183 profusior
1389 4126 1449 4165 esse

298 4201 392 4268 malui,
413 4201 547 4273 imprimis
570 4202 598 4256 in
622 4205 718 4272 quarto
738 4205 767 4257 et
789 4202 887 4273 quinto
911 4203 1047 4259 aduersas
1064 4202 1238 4257 Marcionem
1255 4201 1335 4270 libro,
1352 4199 1400 4254 uhi
1419 4202 1449 4253 et

297 4290 411 4347 lacunas
429 4290 560 4347 adnotare
580 4290 657 4346 desii.
