3250 4959
348 377 411 442 146
571 374 687 438 Quinti
707 373 849 443 Septimi
868 373 1039 427 Florentia
1058 372 1265 432 Tertulliani

347 569 414 634 sine
437 569 529 634 initio
553 588 613 633 non
638 569 710 650 fuit,
735 569 849 652 sophia
872 569 996 634 scilicet
1024 569 1104 646 eius,
1132 568 1243 635 exindo
1272 573 1345 634 nata
1367 573 1400 634 et
1423 589 1497 634 con·

347 675 424 752 dita,
449 695 483 740 en
509 694 571 758 quo
595 675 628 740 in
652 695 747 741 sensu
772 674 822 738 dei
850 676 890 739 sd
919 694 1013 757 opera
1035 675 1147 740 mundi
1174 675 1368 758 disponenda
1390 677 1499 759 coepit

348 781 471 867 agitari,
499 781 601 847 multo
632 782 734 866 magis
762 802 823 848 non
853 782 939 865 capit
967 783 1034 847 sine
1065 782 1156 847 initio
1185 782 1356 865 quicquam
1383 782 1496 855 fuisse,
1595 756 1596 845 l

348 888 431 971 quod
456 892 542 953 extra
565 888 728 954 dominum
751 889 856 954 fuerit.
880 889 908 953 si
932 908 1008 954 uero
1037 888 1150 970 sophia
1173 887 1282 953 eadem
1312 888 1361 952 dei
1391 909 1495 954 sermo
1595 922 1596 979 3

346 998 404 1072 est,
433 995 454 1074 †
489 1013 584 1062 sensu
618 995 731 1078 sophia
759 1000 791 1060 et
824 997 891 1059 sine
919 1014 982 1077 quo
1010 995 1130 1060 factum
1160 999 1210 1060 est
1236 995 1326 1072 nihil,
1354 996 1438 1061 siout
1464 1002 1497 1060 et
1525 1016 1535 1054 s

348 1101 540 1182 dispositum
561 1102 628 1167 sine
648 1102 770 1184 sophia,
795 1104 889 1185 quale
908 1107 967 1179 est,
987 1107 1024 1167 ut
1047 1103 1112 1166 tilio
1137 1102 1196 1182 dei,
1219 1121 1363 1168 sermone
1386 1103 1496 1187 unige-

348 1207 413 1272 nito
446 1211 478 1271 et
504 1208 728 1292 primogenito,
758 1209 878 1291 aliquid
906 1208 1002 1274 fuerit
1028 1212 1153 1291 praeter
1180 1213 1301 1292 patrem
1333 1210 1495 1292 antiquius

349 1317 381 1378 et
399 1315 458 1380 hoo
478 1316 572 1380 modo
593 1316 703 1397 utique
725 1317 920 1399 generosius,
944 1314 1071 1394 nedum,
1095 1317 1180 1400 quod
1202 1316 1357 1393 innatum,
1382 1317 1495 1383 fortius

348 1426 390 1498 et,
420 1421 504 1502 quod
532 1421 699 1495 infectum,
730 1420 876 1508 [facturn]
905 1421 1067 1486 ualidius?
1100 1424 1175 1505 quia
1207 1423 1302 1505 quod,
1336 1427 1373 1487 ut
1401 1427 1493 1488 esset.

348 1528 468 1592 nullius
488 1528 578 1612 eguit
597 1528 746 1606 auctoris
766 1530 869 1593 multo
889 1529 1060 1593 sublimius
1084 1530 1144 1593 erit
1163 1549 1210 1602 eo,
1232 1530 1326 1612 quod,
1345 1535 1382 1594 ut
1400 1535 1494 1594 esset.
1513 1549 1536 1585 ιο

349 1633 488 1715 aliquem
521 1635 634 1699 habuit
667 1639 838 1699 auctorem.
870 1635 1010 1718 proinde,
1035 1636 1061 1700 si
1085 1637 1205 1701 malum
1230 1637 1357 1718 quidem
1381 1637 1495 1719 (quod)
1596 1690 1597 1755 p

351 1741 496 1806 innatum
516 1745 575 1819 est,
590 1742 623 1806 id
638 1745 688 1806 est
707 1761 784 1810 sss
803 1761 905 1807 sermo
924 1741 984 1820 dei,
1000 1781 1043 1788 -
1059 1743 1253 1807 eructauit
1271 1743 1366 1820 enim,
1385 1745 1495 1825 inquit,

348 1847 584 1931 (cormeum)
608 1867 818 1912 sermonem
842 1849 1037 1931 optimum,
1061 1885 1105 1894 —
1128 1868 1188 1914 non
1210 1850 1287 1914 scio.
1311 1869 1349 1914 an
1374 1851 1494 1914 abono
1596 1836 1597 1873 ³

348 1955 469 2018 malum
487 1955 591 2037 possit
610 1955 733 2031 ahduoi,
759 1955 899 2020 ualidius
922 1955 961 2019 ab
985 1955 1119 2032 infirmo,
1146 1961 1180 2020 ut
1203 1957 1347 2021 innatum
1373 1976 1391 2020 a
1413 1961 1493 2020 nato.

348 2060 394 2124 ita
414 2065 448 2125 et
465 2060 524 2126 hoc
549 2063 674 2126 nomine
699 2063 864 2126 materiam
890 2062 947 2126 deo
971 2063 1137 2146 praeponit
1159 2063 1388 2147 Hermogenes,
1412 2075 1536 2146 prae-1⁵

350 2167 493 2250 ponendo
522 2187 590 2232 eam
620 2167 696 2245 filio,
721 2206 762 2215 -
787 2169 874 2234 filius
904 2170 986 2233 enim
1011 2189 1124 2248 sermo,
1154 2169 1287 2234 etdeus
1311 2189 1425 2245 sermo,
1449 2173 1493 2241 st:

351 2293 417 2357 ego
448 2277 485 2338 et
511 2277 618 2356 pater
650 2295 762 2340 unum
787 2296 916 2341 sumus
942 2313 984 2322 -
1008 2276 1069 2340 nisi
1093 2276 1178 2359 quod
1201 2277 1374 2342 sustinebit
1397 2297 1492 2360 aequo

350 2380 454 2444 auimo
475 2379 559 2446 lilius
584 2400 653 2446 earn
677 2383 827 2466 praeponi
851 2383 924 2458 sihi,
950 2402 1029 2466 quae
1052 2383 1135 2466 patri
1158 2383 1362 2465 adaequatur.

397 2489 446 2552 19.
476 2486 539 2554 Sed
567 2494 599 2554 et
627 2489 666 2553 ad
695 2489 846 2574 originale
874 2491 1122 2556 instrumentum
1149 2491 1274 2574 Moysei
1305 2490 1492 2572 prouocato,

351 2593 433 2658 unda
466 2598 499 2659 et
530 2595 656 2662 diuersa
688 2616 761 2680 pars
794 2597 1101 2680 <prae)sumptiones
1130 2617 1205 2662 suas
1229 2597 1360 2681 ingratis
1385 2597 1493 2662 fulcire
1509 2612 1533 2650 n

351 2701 491 2780 conatur,
522 2723 559 2768 ne
588 2703 714 2768 scilicet
741 2723 801 2769 non
831 2703 904 2767 inde
929 2705 1042 2769 instrui
1066 2703 1224 2782 uideatur,
1254 2703 1336 2767 unde
1365 2705 1494 2786 oportet

351 2807 457 2888 itaque
479 2808 660 2872 occasiones
685 2810 746 2874 sibi
765 2808 905 2893 sumpsit
923 2810 1119 2891 quorundam
1137 2810 1318 2886 uerborum,
1337 2815 1375 2874 ut
1393 2811 1494 2875 haere·

350 2913 424 2977 ticis
447 2913 512 2978 fere
536 2934 605 2979 mos
629 2919 679 2979 est
702 2916 861 2999 simplicia
884 2934 1027 2999 quaeque
1054 2920 1208 2998 torquere.
1237 2935 1308 2980 nam
1336 2922 1370 2982 ot
1391 2919 1492 2999 ipsum

351 3019 551 3102 principium,
571 3021 602 3084 in
622 3041 684 3104 quo
704 3021 782 3086 deus
807 3023 884 3087 fecit
907 3022 1029 3086 caelum
1051 3025 1083 3086 et
1101 3026 1226 3100 terram,
1246 3022 1366 3105 aliquid
1385 3025 1496 3088 uolunt

442 3180 486 3251 12]
505 3181 550 3234 Ps.
569 3181 613 3244 44,
632 3182 656 3234 2.
715 3183 759 3252 16]
778 3182 810 3236 of.
832 3181 890 3236 loh.
912 3184 935 3250 1,
958 3185 980 3237 1.
1035 3181 1093 3236 loh.
1115 3185 1157 3242 10.
1177 3183 1219 3238 30.

389 3285 400 3338 1
423 3286 481 3339 eius
500 3287 565 3354 NF,
584 3288 669 3358 ipsius
689 3288 806 3359 Puulpo
862 3292 878 3342 5
898 3308 992 3344 sensus
1012 3291 1123 3361 sophiae
1142 3291 1214 3344 Iun:
1233 3307 1312 3343 sensu
1330 3290 1450 3359 sophiae,
1469 3293 1495 3341 et

354 3373 490 3443 oehlerus,
500 3376 549 3430 sed
556 3377 656 3443 nescio,
668 3394 707 3429 ars
716 3378 805 3430 lateat
814 3380 845 3432 in
855 3379 898 3432 his
907 3380 999 3432 uerbis
1008 3380 1290 3447 interpretamentum:
1303 3378 1380 3432 lesus
1391 3382 1436 3442 (=
1445 3360 1493 3433 ffis.

351 3464 421 3527 iens)
430 3465 489 3518 siue
497 3481 591 3518 sensus
602 3470 647 3530 (=
659 3465 736 3536 λόγος
746 3467 819 3537 Erip)
830 3469 926 3536 sophia
937 3475 978 3521 est
1034 3473 1076 3522 est
1085 3487 1135 3525 om.
1147 3469 1181 3522 N
1213 3471 1228 3522 6
1240 3470 1297 3522 sine
1307 3469 1405 3538 sophia
1414 3467 1496 3520 deteri

352 3554 486 3624 uultEisp
526 3555 542 3608 8
559 3555 631 3623 quod
645 3559 768 3610 innatum
783 3557 880 3611 lortius
895 3557 1027 3623 Pn'Fst
1042 3559 1114 3628 quod
1128 3559 1250 3612 innatum
1259 3557 1496 3628 <innato>tortius
1597 3570 1598 3587 ²

352 3645 399 3703 Nl,
425 3645 497 3713 quod
520 3645 640 3698 innatum
666 3649 771 3714 <nato>
794 3647 891 3701 lortius
918 3647 969 3702 Gel
986 3635 1087 3716 reliqui
1144 3649 1280 3702 9factum
1299 3648 1406 3707 seclusi,
1426 3646 1495 3699 facto
1597 3708 1598 3713 Ἰ

356 3733 408 3786 Gcl
463 3734 492 3788 ll
520 3733 591 3803 quod
612 3734 712 3788 addidi
767 3736 799 3788 12
824 3738 956 3790 lacunam
978 3737 1105 3807 ω’φιααὶε
1127 3737 1251 3798 materia,
1273 3735 1374 3789 bonnm
1400 3741 1497 3801 antem,

353 3820 425 3890 qnod
443 3827 538 3876 natum
557 3826 608 3885 est,
626 3821 654 3876 id
674 3827 715 3876 est
729 3825 899 3879 intercidisse
916 3827 1130 3894 pessinuntem
1145 3829 1195 3892 est,
1209 3829 1291 3878 natus
1306 3830 1398 3878 sutem
1412 3841 1496 3878 sermo
1597 3887 1598 3898 χ

354 3908 397 3962 dei
415 3909 557 3980 secono,
576 3912 699 3966 innatum
719 3919 768 3976 est,
787 3913 907 3982 <bonum
927 3919 1016 3968 autem
1036 3913 1108 3984 quod
1126 3917 1220 3968 natum
1239 3918 1311 3980 est>
1327 3913 1356 3968 id
1376 3917 1419 3968 est
1438 3913 1498 3981 Esto
1597 3958 1598 3965 ,

356 3999 387 4052 13
412 4017 567 4054 cormeum
592 4001 691 4056 addidi
746 4005 779 4056 14
802 4005 901 4057 abduci
924 4006 1069 4071 (=uisce)
1091 4005 1190 4073 scripsi
1213 4005 1260 4072 (cs,
1279 4004 1359 4060 Rom.
1378 4007 1422 4070 12,
1441 4005 1497 4067 2l):

353 4087 450 4141 adduci
465 4087 550 4141 PNF
603 4091 636 4144 19
651 4091 752 4161 llioysei
769 4093 882 4160 scripsi:
900 4109 975 4145 mons
995 4094 1020 4146 ei
1038 4093 1073 4153 F,
1093 4091 1179 4162 Moysi
1198 4093 1254 4146 ΡΝ
1307 4092 1343 4146 20
1361 4107 1498 4162 praesum·

353 4176 461 4244 ptiones
470 4177 580 4244 scripsi:
595 4180 761 4248 sumptiones
771 4179 809 4243 N,
820 4181 987 4249 suspiciones
1001 4181 1057 4234 PF
1062 4181 1146 4250 archo
1200 4181 1234 4234 21
1250 4179 1376 4234 uideatur
1388 4181 1499 4250 scripsi:

353 4263 492 4318 uideretur
510 4265 594 4318 PNF
646 4267 681 4322 24
700 4267 802 4322 caelum
823 4268 888 4329 NF,
909 4273 936 4322 et
955 4269 1059 4323 caelum
1077 4267 1105 4321 P
1178 4269 1263 4339 aliqui
1280 4283 1354 4337 susp.
1375 4268 1439 4338 Eup
