3250 4959
304 427 369 491 520
532 422 649 487 Quinti
669 420 809 491 Septimi
828 418 999 474 Florentia
1018 417 1222 472 Tertulliani

303 623 372 689 cius
387 641 516 688 securos
532 641 624 708 agere
638 621 776 696 mandet,
796 619 971 703 etquidem
990 619 1158 703 derogator
1173 618 1284 702 ipsius.
1303 619 1444 702 denique,

303 732 332 795 si
365 729 458 812 quasi
490 729 657 813 derogator
689 726 839 793 creaioris
871 745 932 794 nou
964 726 1037 791 uult
1068 724 1107 790 de
1140 725 1297 792 eiusmodi
1324 725 1444 792 friuolis

303 835 446 920 cogitari,
471 835 509 900 de
533 836 649 919 quibus
673 853 731 899 nec
755 833 843 899 corui
865 851 923 898 nec
945 833 1015 898 lilia
1035 832 1189 908 laborent,
1216 834 1302 898 ultro
1325 833 1445 898 scilicet

302 961 358 1024 prc
392 961 451 1007 aua
482 941 607 1006 uilitate
640 939 804 1018 subiectis,
836 939 932 1022 paulo
963 941 1039 1022 post
1068 938 1202 1020 parebit.
1234 937 1361 1002 interim
1392 956 1446 1002 cur

303 1047 377 1113 illos
401 1047 544 1114 modicae
567 1046 800 1123 fideiinousat
823 1045 930 1111 idest
956 1045 1049 1110 cuius
1076 1044 1172 1110 fidei?
1203 1044 1325 1120 eiusne,
1354 1063 1445 1127 quam
1470 1059 1483 1101 ε
1605 1070 1606 1135 3

301 1154 440 1219 nondum
455 1157 601 1237 poterant
612 1154 786 1237 perdoctam
801 1152 948 1217 exhibere
958 1151 1017 1216 deo
1030 1155 1155 1218 tantum
1165 1151 1250 1234 quod
1263 1152 1445 1234 <re>uelatc‚
1605 1142 1606 1157 ¹

303 1279 376 1324 cum
396 1261 530 1325 maxime
549 1260 708 1325 discentes
728 1279 812 1335 eum,
836 1277 875 1324 au
895 1277 992 1341 quam
1008 1259 1070 1324 boc
1087 1258 1158 1341 ipso
1176 1257 1273 1322 titulo
1293 1257 1446 1324 debebant

303 1368 445 1445 creatori,
474 1367 523 1433 uti
552 1367 714 1432 crederent
739 1367 818 1431 haec
845 1365 939 1432 illum
965 1365 1049 1431 ultro
1073 1365 1178 1450 generi
1201 1365 1341 1430 humano
1365 1383 1445 1430 sum·

302 1475 482 1539 ministrare
511 1491 568 1538 nec
592 1473 630 1538 da
654 1474 701 1538 eis
725 1473 922 1558 cogitarent?
949 1491 1022 1538 uam
1046 1475 1079 1538 et
1101 1490 1175 1537 cum
1197 1472 1331 1538 subicit:
1359 1472 1444 1536 baec

302 1581 400 1644 enim
424 1580 599 1646 nationes
628 1579 755 1644 mundi
783 1582 979 1661 quaerunt,
1006 1597 1068 1644 non
1090 1577 1246 1644 credendo
1269 1578 1396 1644 sedicet
1415 1578 1445 1642 in
1463 1593 1487 1634 a

301 1686 396 1751 deum
422 1687 617 1753 conditorem
641 1688 782 1753 omnium
801 1690 836 1751 et
851 1687 1074 1770 praebitorem,
1097 1705 1177 1768 quos
1193 1704 1286 1769 pares
1304 1686 1446 1770 gentium

302 1794 430 1858 nolebat
460 1795 493 1860 in
526 1795 661 1860 eundem
684 1795 778 1859 deum
802 1793 946 1860 modicos
968 1790 1044 1858 fidei
1069 1792 1262 1876 increpabat,
1292 1793 1326 1857 in
1353 1811 1447 1876 quem

302 1903 415 1982 gentes
439 1900 619 1966 incredulas
641 1901 780 1966 notabat.
804 1919 897 1984 porro
921 1917 994 1964 cam
1022 1902 1055 1964 et
1081 1897 1193 1964 adicit:
1221 1899 1298 1964 scit
1324 1909 1448 1964 autem

301 2009 408 2090 pater
431 2027 525 2091 opus
550 2026 633 2073 esse
656 2008 746 2072 baec
770 2006 891 2085 uobis,
909 2007 999 2089 priua
1022 2025 1183 2090 quaeram,
1205 2025 1302 2088 quem
1324 2009 1447 2088 patrem

300 2112 445 2198 intellegi
468 2114 549 2178 uelit
572 2113 729 2180 Christus.
762 2113 792 2178 si
816 2112 971 2195 ipscmm‚
995 2117 1169 2178 creatorem
1191 2111 1391 2178 demonstrat
1416 2117 1448 2176 et
1464 2115 1487 2156 ¹⁵
1608 2136 1609 2189 j

300 2218 418 2284 bonurn
443 2220 608 2285 confirmat
627 2219 681 2303 qui
700 2219 771 2298 scit,
791 2219 869 2302 quid
891 2219 966 2284 tiliis
986 2239 1067 2302 opus
1086 2220 1144 2296 sit;
1162 2218 1223 2303 (si)
1240 2237 1337 2284 suum
1354 2219 1447 2283 illum

301 2325 398 2391 alium
433 2325 538 2403 deum,
571 2326 728 2410 quomodo
753 2326 816 2391 scit
836 2327 1052 2391 necessarium
1079 2345 1151 2392 ease
1176 2325 1297 2392 homiui
1323 2325 1445 2390 uictum

301 2435 396 2513 atque
419 2434 585 2512 uestitum,
609 2451 742 2514 quorum
762 2432 842 2497 nihil
861 2433 1041 2515 praestitit?
1065 2432 1093 2498 si
1112 2432 1196 2498 enim
1215 2431 1342 2512 scisset,
1359 2450 1446 2513 prae·

301 2538 447 2602 stitisset.
481 2543 622 2604 cetemm
654 2539 682 2604 si
715 2539 790 2604 sciit
821 2557 901 2620 quac
934 2541 1010 2604 sunt
1040 2538 1162 2604 bomini
1188 2537 1367 2604 necessaria
1389 2555 1446 2602 nec

299 2648 405 2708 tamen
430 2646 601 2728 praestitit,
624 2649 680 2710 aut
703 2645 904 2729 malignitate
921 2649 978 2710 ant
994 2631 1178 2710 infirmitate
1194 2663 1256 2710 uon
1275 2644 1445 2729 praestitit.
1461 2659 1487 2698 n
1609 2610 1610 2683 s

299 2751 463 2834 professus
496 2757 602 2818 autem
630 2753 809 2817 necessaria
830 2753 909 2818 baec
931 2752 1064 2832 homini,
1095 2751 1209 2836 utiquc
1231 2751 1315 2818 bona
1336 2749 1447 2816 contir-

299 2858 410 2936 mauit
445 2895 485 2906 --
519 2859 599 2923 nihil
626 2859 710 2924 enim
739 2859 815 2923 mali
842 2859 1057 2924 necessarium
1084 2895 1128 2906 -
1156 2862 1189 2924 ct
1214 2876 1276 2924 non
1300 2859 1363 2924 erit
1382 2858 1447 2922 iam

300 2962 490 3046 depretiator
513 2983 642 3048 operum
667 2967 699 3030 et
716 2964 987 3049 indulgentiarum
1010 2965 1170 3046 creatoris,
1191 2969 1230 3030 nt
1246 2965 1331 3048 quod
1350 2984 1449 3048 supra

300 3070 410 3135 distuli
434 3073 645 3154 expunxerim.
668 3090 771 3154 porro,
791 3071 820 3135 si
839 3091 920 3154 quaa
941 3073 1121 3138 necessaria
1142 3073 1205 3138 scit
1221 3072 1344 3138 bomini
1365 3071 1447 3137 alins

299 3180 331 3242 et
353 3179 514 3262 prospexit
537 3181 570 3244 et
592 3181 743 3262 praestat,
767 3177 926 3261 quomodo
949 3179 1027 3242 haec
1049 3179 1120 3261 ipse
1141 3178 1321 3262 promittit?
1343 3197 1384 3244 an
1408 3178 1447 3243 de
1462 3185 1487 3228 ¹⁶

299 3285 401 3350 alieno
429 3286 627 3350 bonusest?
656 3284 828 3367 quaerite
860 3284 956 3364 enim,
982 3284 1097 3366 inquit,
1123 3304 1276 3370 reguum
1305 3285 1375 3364 dei,
1409 3289 1448 3350 et

297 3391 390 3457 haec
422 3392 532 3458 uobis
561 3391 807 3470 adicientur,
841 3390 953 3475 utique
981 3391 1021 3456 ab
1048 3391 1131 3476 ipsc.
1163 3392 1278 3476 quodsi
1300 3393 1340 3458 ab
1363 3393 1446 3475 ipsc,

299 3499 402 3580 qualis
426 3501 485 3576 est,
510 3499 564 3582 qni
589 3499 692 3562 aliena
713 3497 910 3581 praestabit?
934 3498 963 3563 si
987 3501 1174 3578 screatum,
1198 3499 1290 3565 cuius
1309 3501 1342 3565 et
1360 3505 1446 3578 suut,

389 3654 416 3723 5]
437 3653 554 3708 orius
575 3655 616 3718 12,
636 3656 678 3709 29.
733 3655 762 3724 o]
783 3653 849 3710 tuo.
870 3655 913 3722 12,
931 3656 975 3710 ec.
1032 3656 1078 3726 rc]
1097 3656 1135 3713 ro.
1189 3656 1445 3727 repuleram.

336 3778 349 3832 1
370 3794 479 3832 securos
497 3777 579 3846 Mic,
599 3795 691 3832 secure
711 3777 750 3832 12³
759 3779 843 3848 culpo
915 3781 932 3833 6
950 3780 1114 3850 poteratis
1190 3784 1300 3836 tantum
1318 3783 1391 3853 quod
1409 3784 1446 3850 cf.

299 3867 391 3934 511,1
462 3865 583 3918 reuelato
606 3865 748 3921 Oeblerue:
766 3868 859 3922 uelato
877 3867 914 3922 M
930 3873 956 3933 (e
975 3871 1053 3937 eac)
1071 3869 1100 3925 R
1154 3871 1325 3941 lanquam
1341 3870 1391 3940 13³,
1410 3889 1446 3926 an

298 3971 395 4024 aquam
413 3953 488 4008 Mic
571 3955 602 4008 11
623 3955 803 4024 praebitorem
822 3957 865 4020 M,
883 3957 1056 4026 probatorem
1073 3957 1102 4013 R
1179 3961 1213 4015 13
1231 3959 1384 4016 incredulas
1402 3961 1444 4028 M,

297 4043 487 4099 incredulosR
525 4044 557 4098 15
568 4046 592 4098 ai
602 4045 720 4113 ipsorum
730 4048 879 4099 creatorem
889 4045 1060 4102 demonstrat
1068 4051 1097 4102 et
1105 4047 1207 4104 bonum
1220 4051 1305 4119 culpo
1342 4051 1447 4119 lc<si>

298 4151 374 4188 suum
393 4134 506 4201 scripsi:
526 4150 603 4187 suum
621 4133 690 4196 ΜΡ,
710 4135 752 4188 sin
770 4133 891 4202 Ruulgc
983 4136 1017 4189 18
1035 4137 1176 4205 praestitit
1193 4137 1229 4202 R,
1248 4141 1365 4209 praestit
1382 4139 1448 4194 aff

300 4225 332 4277 19
351 4223 415 4278 sciit
432 4223 544 4292 scripsi:
563 4224 615 4278 scit
632 4223 695 4278 MR
784 4223 820 4278 20
843 4223 959 4293 praestit
976 4225 1015 4278 M
1100 4225 1135 4282 26
1158 4226 1248 4282 alieno
1267 4227 1294 4298 (e
1311 4245 1347 4284 a
1365 4232 1392 4296 o)
1410 4229 1448 4284 M

297 4313 331 4366 25
352 4312 474 4383 praesbit
492 4313 529 4366 M
