3250 4959
369 413 429 467 Vll.
449 412 615 467 Aduersus
634 412 833 467 Marcionem
853 413 900 467 lib.
920 414 948 467 11
968 412 1088 469 12-14.'
1241 418 1307 481 353

152 608 185 673 si
204 606 285 672 nihil
303 607 334 671 in
358 607 411 671 illa
438 607 623 673 timeretur?
647 609 811 673 horremus
836 608 994 674 terribiles
1017 610 1119 675 minas
1143 611 1306 686 creatoris,

152 722 189 779 et
219 714 273 779 uix
306 734 323 778 a
355 716 440 779 malo
473 716 651 781 auellimur.
700 716 786 798 quid,
821 716 848 780 si
881 717 959 781 nihil
991 717 1186 781 minaretur?
1226 718 1306 782 hauc

150 823 314 887 iustitiam
343 822 463 887 malum
492 822 589 900 dices,
623 843 703 905 quae
733 825 817 889 malo
846 843 906 887 uon
935 824 1044 887 fauet?
1082 824 1163 889 hanc
1186 824 1304 888 bonum

151 930 300 1013 negabis,
333 948 413 1011 quae
440 929 522 994 bono
552 930 728 1012 prospicit?
762 931 888 1013 qualem
911 936 1037 1012 oportet
1061 930 1154 995 deum
1178 931 1305 995 uelles?

114 1058 129 1097 1
154 1034 285 1117 qualem
305 1034 398 1099 malis
419 1034 599 1119 expediret?
630 1036 689 1099 sub
715 1053 776 1118 quo
802 1036 916 1100 delicta
941 1036 1134 1120 gauderent?
1168 1038 1219 1101 cui
1243 1036 1307 1099 dia-

151 1142 250 1206 bolus
273 1141 452 1205 inluderet?
490 1140 582 1205 illum
611 1141 728 1206 bonum
753 1142 910 1206 iudicares
934 1142 1040 1221 deum,
1066 1144 1120 1224 qui
1144 1142 1305 1207 hominem

151 1252 267 1331 posset
285 1248 388 1332 magis
408 1249 526 1311 malum
546 1248 648 1312 iacere
664 1250 836 1313 securitate
851 1248 982 1313 delicti?
1007 1250 1079 1332 quis
1095 1250 1170 1313 boni
1185 1254 1306 1325 auctor,

152 1338 297 1437 nisi'qui
322 1358 353 1419 et
377 1358 526 1419 exactor?
557 1354 686 1436 proinde
712 1356 782 1438 quis
808 1356 883 1419 mali
908 1361 1084 1432 extraneus,
1109 1355 1172 1419 uisi
1196 1355 1250 1437 qui
1275 1360 1308 1419 et

152 1461 326 1525 inimicus?
351 1462 421 1543 quis
436 1461 596 1539 inimicus
616 1461 676 1526 nisi
694 1463 748 1544 qui
768 1466 800 1526 et
819 1466 1034 1546 expugnator?
1058 1462 1130 1545 quis
1150 1481 1307 1545 expugua-

104 1593 136 1633 10
155 1572 220 1645 tor,
248 1568 310 1631 nisi
334 1568 389 1651 qui
413 1570 445 1631 et
467 1566 617 1649 punitor?
655 1570 701 1632 sic
725 1573 814 1633 totus
839 1568 917 1633 deus
942 1570 1043 1633 bonus
1068 1570 1127 1646 est,
1152 1568 1227 1633 dum
1251 1586 1307 1650 pro
1352 1620 1356 1628 .

153 1676 240 1739 bono
265 1676 370 1739 omnia
394 1680 452 1741 est.
492 1675 538 1740 sie
562 1675 699 1758 denique
725 1677 936 1758 omnipotens,
966 1678 1041 1758 quia
1064 1680 1096 1740 et
1119 1674 1251 1740 iuuandi
1276 1679 1307 1738 et

152 1782 301 1846 laedendi
330 1785 452 1864 potens.
496 1782 600 1847 minus
630 1788 680 1847 est
707 1784 929 1848 tantummode
953 1784 1115 1866 prodesse,
1144 1784 1219 1865 quia
1246 1802 1307 1849 non

155 1889 245 1955 aliud
274 1887 350 1971 quid
381 1890 483 1971 possit
512 1907 605 1971 quam
634 1889 794 1971 prodesse.
835 1890 872 1953 do
906 1890 1063 1953 eiusmodi
1097 1908 1159 1971 qua
1191 1889 1308 1955 fiducie

153 1998 275 2062 bonum
303 2014 437 2077 sperem,
471 1995 499 2059 si
528 1994 586 2058 boc
616 1994 719 2059 solum
749 1998 876 2077 potest?
919 1995 1077 2077 quomodo
1111 1996 1307 2061 innocentiae

105 2125 133 2166 is
154 2102 333 2167 mercedem
349 2106 460 2179 secter,
480 2100 508 2165 si
522 2122 583 2167 non
599 2104 631 2165 et
646 2102 810 2166 nocentiae
831 2106 994 2184 spectem?
1019 2101 1160 2165 diffidam
1178 2121 1308 2166 neeesse

155 2213 217 2282 est,
237 2228 275 2273 ne
291 2228 347 2273 nec
362 2210 493 2273 alteram
513 2213 635 2290 partem
654 2214 834 2273 remuneret
853 2209 907 2290 qui
925 2212 1095 2290 utramque
1114 2228 1174 2272 non
1193 2208 1307 2273 ualuit.

154 2336 260 2399 usque
284 2314 361 2381 adeo
385 2316 509 2381 iustitia
533 2316 628 2379 etiam
652 2316 817 2398 plenitudo
842 2322 892 2380 est
916 2316 1095 2380 diuinitatis
1120 2315 1233 2398 ipsius,
1259 2334 1308 2381 ex·

154 2423 268 2488 hibens
279 2422 371 2487 deum
384 2422 569 2505 perlectum,
586 2425 746 2505 etpatrem
763 2432 795 2487 et
810 2396 985 2502 dominium,
999 2427 1121 2505 patrem
1140 2423 1309 2487 clementia

154 2530 320 2595 dominum
338 2528 515 2611 disciplina,
536 2533 657 2612 petrem
677 2532 835 2613 potestate
855 2530 969 2593 blanda
993 2530 1156 2593 dominum
1182 2548 1305 2605 seuera,

105 2660 134 2699 10
153 2642 277 2720 patrem
297 2634 491 2721 diligendum
514 2636 564 2719 pie
586 2635 748 2700 dominum
768 2636 944 2700 timendum
965 2636 1150 2715 necessarie,
1171 2635 1304 2720 diligen·

154 2744 243 2819 dum,
260 2744 333 2825 quia
348 2742 439 2806 malit
452 2742 701 2807 misericordiam
722 2760 817 2824 quam
838 2742 1040 2820 sacrificium,
1065 2746 1096 2807 et
1115 2742 1304 2819 timendum,

155 2850 231 2932 qnia
243 2848 324 2913 nolit
337 2850 514 2932 peccatum,
535 2848 742 2931 diligendum,
763 2849 837 2931 quia
851 2850 942 2912 malit
957 2848 1181 2931 paenitentiam
1197 2867 1307 2930 pecca·

154 2956 234 3020 toris
263 2975 357 3037 quam
388 2960 532 3033 mortem,
568 2962 599 3019 et
622 2956 809 3033 timendum,
844 2956 919 3037 quia
946 2956 1026 3019 nolit
1050 2958 1231 3037 peccatores
1256 2955 1307 3019 sui

153 3063 218 3127 iam
252 3082 312 3127 non
344 3062 553 3145 paenitentes.
595 3062 667 3127 ideo
700 3063 749 3126 lex
782 3066 955 3144 utrumque
988 3060 1112 3125 definit:
1154 3061 1307 3145 diliges

108 3167 272 3234 ordeum
315 3170 361 3231 et:
408 3168 576 3232 timebis
611 3168 732 3233 deum.
787 3169 874 3232 aliud
912 3168 1093 3232 obsecutori
1130 3168 1307 3251 proposuit,

154 3272 243 3337 aliud
267 3274 478 3341 exorbitatori.

203 3380 326 3445 1110
357 3375 462 3445 omnia
490 3380 549 3445 tibi
579 3381 715 3445 occurrit
738 3381 817 3445 deus
846 3382 945 3445 idem:
977 3380 1159 3463 percutiens
1189 3380 1245 3444 sed
1276 3384 1308 3443 et

154 3506 280 3563 sanans,
305 3488 497 3553 mortificans
523 3489 579 3552 sed
608 3492 640 3552 et
668 3488 846 3552 uiuificans.
872 3488 1046 3551 humilians
1071 3487 1127 3551 sed
1151 3488 1184 3572 et
1208 3486 1307 3551 subli-

247 3660 292 3730 21]
313 3662 345 3715 01.
367 3660 413 3715 Os.
433 3662 457 3724 6,
478 3662 507 3729 63
527 3662 606 3718 Pron.
628 3662 670 3729 21,
693 3662 715 3715 3.
784 3662 831 3730 22]
853 3662 886 3715 ei.
905 3660 951 3715 Ez.
971 3661 1014 3720 33.
1036 3662 1077 3713 11.
1146 3660 1189 3729 24]
1209 3658 1309 3712 Matth.

155 3748 199 3810 22,
219 3750 268 3817 373
286 3750 367 3803 Marc.
390 3750 431 3811 12,
451 3750 499 3817 3ος
518 3749 583 3803 Luc.
605 3750 646 3813 10,
666 3752 708 3803 27.
765 3750 809 3818 25]
829 3750 894 3803 Leu.
916 3751 957 3812 19,
979 3751 1019 3803 14.
1039 3750 1082 3802 32.

191 3872 359 3928 31110101·Ἰ
428 3873 670 3943 eprospieiew,
694 3892 747 3927 non
771 3873 1000 3943 0100010111111ι
1087 3878 1225 3942 oporteret
1243 3872 1308 3940 Erip

155 3962 272 4018 bmalis
289 3962 389 4031 scripsi
407 3964 453 4032 (cs.
474 3966 541 4029 357,
561 3966 626 4027 em:
649 3964 733 4017 males
752 3964 794 4029 nr,
818 3964 912 4016 mellea
937 3963 964 4016 Il
987 3963 1082 4032 (Eup),
1106 3962 1187 4015 malle
1214 3960 1307 4015 Oeble·

153 4070 204 4106 rue
258 4052 404 4121 expediret.
423 4052 472 4105 eub
492 4052 576 4121 sculpo
626 4052 1030 4122 90010010011ιο1000.1Ἴ
1066 4052 1098 4103 12
1118 4052 1254 4119 quianon
1273 4049 1310 4103 M

132 4125 196 4207 ¹(in
216 4146 283 4207 rue.)
359 4140 391 4194 13
411 4156 491 4209 quam
511 4140 560 4203 R³,
580 4158 639 4195 curn
658 4140 731 4195 11111ι
807 4143 839 4196 15
859 4146 979 4211 spectem
998 4141 1046 4209 Ill,
1065 4142 1183 4209 speciem
1203 4137 1307 4192 MGR¹

157 4232 189 4285 16
209 4234 364 4284 remuneret
383 4229 423 4297 M,
442 4234 627 4283 remuneretur
640 4231 761 4299 Ruulpo
812 4232 845 4283 19
865 4231 1002 4284 dominum
1017 4230 1076 4297 (ott.
1093 4230 1161 4297 loco)
1176 4228 1211 4295 11,
1227 4227 1307 4281 deum

155 4318 193 4372 rlI
243 4318 278 4373 25
298 4317 452 4372 obsecutori
473 4318 524 4385 (ori
543 4335 576 4372 erc
593 4321 635 4373 uri
655 4337 673 4374 0
691 4322 769 4388 1111)
796 4320 824 4372 u

182 4443 391 4484 1111111110.
406 4443 449 4483 111.
1236 4422 1271 4474 23
