3250 4959
388 405 449 460 Vll.
469 405 637 460 Aduersus
656 405 854 460 Marcionem
874 406 922 460 lib.
942 406 956 460 l
977 409 1054 461 1-3.
1235 411 1301 476 293

142 600 285 664 fructus.
329 604 362 664 et
397 600 442 664 ita
477 600 509 664 in
542 599 669 666 christo
707 601 798 682 quasi
837 601 931 665 aliam
964 601 1128 666 inueniens
1166 603 1302 688 disposi-

144 707 270 770 tionem
299 707 400 771 solius
430 708 462 770 et
484 725 582 790 purae
611 707 830 791 benignitatis,
860 713 897 772 ut
925 707 1071 774 diuersae
1096 729 1114 773 a
1137 711 1299 784 creatoris,

142 813 243 877 facile
272 832 388 877 nouam
421 815 454 877 et
484 813 645 894 hospitam
678 817 920 895 argumentatus
954 819 1003 880 est
1037 814 1238 880 diuinitatem
1268 817 1301 882 in

145 919 277 984 Christo
303 939 361 984 suo
385 919 558 984 reuelatam
582 919 771 1002 modicoque
796 920 907 984 exinde
931 921 1086 987 fermento
1106 925 1207 987 totam
1227 923 1301 987 fidei

107 1045 290 1091 amassem
317 1025 474 1090 haeretico
504 1043 596 1090 acore
624 1025 773 1108 desipuit
803 1026 916 1090 habuit
944 1030 976 1090 et
1004 1027 1178 1094 Cerdonem
1206 1048 1300 1112 quen-

144 1131 220 1196 dam
253 1133 489 1198 informatorem
523 1131 664 1196 scandali
697 1132 808 1196 huius:
853 1131 916 1197 duo
950 1133 1075 1198 facilius
1109 1135 1190 1200 duos
1224 1137 1300 1200 deos

144 1238 235 1302 caeci
258 1238 462 1320 'perspexisse
490 1255 525 1302 se
554 1237 827 1302 existimauerunt.
858 1257 956 1302 unum
980 1239 1064 1303 anim
1092 1259 1153 1303 non
1177 1241 1299 1326 integre

143 1346 305 1410 uiderant.
336 1344 547 1428 lippientibus
571 1344 667 1409 otiam
696 1344 869 1427 singularis
899 1345 1028 1409 lucerna
1050 1365 1220 1411 numerosa
1243 1353 1300 1412 est.

144 1453 285 1517 alterum
308 1451 407 1536 igitur
431 1452 538 1524 deum,
563 1470 657 1534 quem
682 1451 826 1515 confiteri
851 1451 1032 1536 cogebatur,
1058 1451 1095 1516 de
1115 1454 1198 1517 malo
1222 1455 1299 1518 infa-

95 1586 125 1623 1⁰
144 1559 264 1624 mando
306 1559 472 1636 destruxit,
514 1558 660 1636 altorum,
703 1577 799 1640 quem
842 1559 1050 1622 commentari
1088 1559 1298 1635 condebatur,

145 1665 187 1729 de
219 1665 304 1730 bono
336 1664 539 1747 praeferendo
573 1665 758 1729 construxit.
795 1663 853 1728 has
889 1668 1017 1730 naturas
1051 1665 1166 1746 quibus
1195 1667 1299 1750 dispo·

145 1772 251 1836 suerit
272 1770 428 1847 articulis,
452 1789 508 1853 per
529 1769 617 1852 ipsas
640 1771 863 1852 responsiones
888 1773 1012 1834 nostras
1038 1770 1253 1838 ostendemus.

193 1879 225 1942 3.
252 1877 441 1961 Principalis
464 1877 574 1958 itaque
598 1878 631 1940 et
658 1876 768 1940 exinde
792 1879 861 1941 tota
885 1878 1066 1960 congressio
1096 1877 1133 1942 de
1157 1897 1297 1954 numero,

145 2005 188 2048 an
213 1985 295 2049 duos
318 1983 395 2049 deos
417 1983 515 2048 liceat
537 1983 654 2062 induci,
680 1985 708 2047 si
732 1985 825 2060 forte,
848 1984 974 2066 poetica
998 1988 1031 2048 et
1049 1984 1183 2065 pictoria
1205 1984 1300 2050 licen-

97 2119 125 2157 15
145 2092 203 2169 tia,
232 2095 265 2155 et
287 2090 382 2155 tertia
408 2091 481 2167 iarn,
511 2090 679 2154 haeretica.
709 2089 765 2155 sed
792 2091 913 2156 ueritas
942 2089 1122 2156 Christiana
1149 2091 1299 2157 destricte

144 2197 384 2280 pronuntiauit:
417 2197 495 2260 deus
524 2195 552 2260 si
580 2214 640 2260 non
667 2215 751 2261 unus
779 2198 839 2273 est,
873 2215 935 2260 non
969 2199 1027 2274 est,
1062 2197 1137 2279 quia
1169 2196 1298 2282 dignius

143 2303 308 2369 credimus
332 2322 392 2368 non
412 2322 482 2367 esse
502 2302 724 2384 quodcumque
742 2323 802 2367 non
823 2302 868 2366 ita
885 2292 994 2381 tuerit,
1014 2307 1052 2368 ut
1070 2323 1140 2368 esse
1161 2304 1297 2372 debebit.

143 2411 244 2475 deum
268 2415 376 2474 autem
396 2414 431 2474 ut
455 2410 537 2474 scias
557 2429 656 2473 unum
680 2428 750 2474 esse
770 2409 895 2486 debere,
916 2428 1030 2492 quaere
1050 2410 1127 2492 quid
1146 2411 1189 2476 sit
1207 2411 1297 2489 deus,
1355 2453 1359 2462 ι

144 2523 180 2581 et
211 2533 273 2580 non
304 2515 397 2580 aliter
427 2516 580 2579 inuenies.
619 2520 774 2596 quantum
813 2515 950 2581 humana
986 2516 1129 2582 condicio
1167 2517 1207 2583 de
1239 2519 1298 2582 deo

96 2655 125 2692 ao
144 2622 278 2687 definire
300 2625 418 2704 potest,
440 2622 473 2685 id
497 2621 623 2698 definio,
646 2624 731 2703 quod
755 2625 788 2686 et
812 2623 953 2686 omnium
982 2623 1176 2688 conscientia
1203 2643 1297 2707 agno-

147 2731 232 2794 scet:
257 2728 351 2792 doum
376 2746 537 2794 summum
557 2747 628 2792 csse
647 2746 797 2812 magnum
819 2728 850 2792 in
870 2729 1056 2794 aeternitate
1077 2730 1297 2806 constitutum,

145 2834 317 2922 [innatum
335 2833 500 2911 iniectum,
520 2834 588 2898 sine
607 2835 709 2910 initio,
730 2834 797 2898 sine
816 2831 889 2920 fine]
908 2872 951 2880 —
971 2835 1054 2899 huno
1074 2836 1157 2901 enim
1177 2841 1296 2900 statum

145 2941 330 3006 aeternitati
353 2942 376 3021 †
399 2939 604 3016 censendum,
633 2958 711 3021 quae
740 2959 901 3004 summum
930 2961 1079 3026 magnum
1109 2941 1201 3006 deum
1232 2942 1297 3006 cifi-

145 3049 223 3126 ciat,
247 3047 322 3112 dum
345 3047 406 3111 hoc
430 3051 480 3111 est
502 3048 532 3110 in
559 3047 616 3111 deo
641 3047 711 3129 ipsa
735 3084 777 3091 -
801 3053 897 3128 atque
925 3049 970 3111 ita
994 3052 1027 3112 et
1050 3053 1164 3126 cetera,
1195 3054 1231 3113 ut
1254 3050 1297 3113 sit

96 3178 126 3218 aa
144 3155 228 3219 deus
261 3171 422 3218 summum
456 3173 606 3238 magnum
635 3158 667 3217 et
694 3155 796 3218 forma
825 3157 858 3216 et
884 3155 1004 3218 ratione
1033 3159 1067 3219 et
1093 3157 1124 3219 ui
1155 3159 1187 3220 et
1210 3159 1296 3238 pote·

146 3266 242 3327 state.
258 3279 330 3324 cum
351 3260 390 3324 de
410 3262 471 3324 isto
493 3261 642 3324 conuenit
660 3260 743 3342 apud
759 3279 879 3324 omnes.
896 3299 939 3306 -
953 3281 1044 3325 nemo
1065 3263 1148 3326 enim
1168 3264 1295 3347 negabit

237 3399 265 3469 4]
286 3399 319 3452 ci.
338 3398 431 3453 1001.
450 3403 475 3468 5,
495 3401 519 3456 6.

183 3507 200 3559 2
220 3505 349 3558 creatoris
366 3506 477 3573 sampsi:
496 3509 616 3559 creatore
630 3506 665 3559 M
677 3507 704 3574 (e
718 3523 752 3559 aa
765 3523 797 3559 ae
814 3523 879 3561 am.
894 3511 919 3571 1)
933 3506 960 3561 R
1011 3509 1026 3560 t
1046 3525 1123 3560 acore
1137 3506 1185 3568 lli.
1204 3524 1295 3561 acrore

145 3592 223 3648 MR¹
267 3593 398 3662 ,deripuit
412 3592 492 3647 Saul:
506 3593 613 3664 decepit
627 3595 689 3650 MR
703 3597 749 3664 (cs.
765 3601 856 3648 autem
870 3595 891 3648 I
904 3599 972 3655 246,
987 3599 1037 3662 12,·
1049 3599 1119 3663 260,
1138 3599 1165 3662 7)
1211 3597 1226 3648 6
1242 3595 1295 3649 duo

144 3684 259 3751 scripsi:
278 3698 331 3751 quo
350 3681 412 3736 MR
466 3683 726 3753 SlipientibusM'
769 3687 851 3738 etiam
871 3689 902 3753 (a.
919 3701 945 3740 u.
962 3686 1118 3752 am.1)M
1166 3686 1196 3739 ll
1218 3703 1294 3755 prae-

145 3771 319 3838 atruiereudo
330 3770 374 3838 M,
383 3772 577 3839 praestruendo
586 3772 635 3840 12¹,
644 3773 821 3842 praeferendo
830 3772 871 3828 12³
928 3775 960 3827 12
970 3775 1142 3828 ostendemus
1151 3775 1193 3841 M,
1204 3781 1295 3828 osten-

146 3863 237 3916 dimus
247 3861 367 3930 Roazpo
423 3863 455 3915 17
470 3862 604 3916 credimus
619 3880 672 3915 non
681 3863 752 3930 MR,
767 3881 821 3916 non
837 3861 970 3917 oredimus
980 3864 1010 3917 F
1062 3881 1114 3916 non
1125 3864 1244 3927 orama,
1255 3865 1298 3922 ita

144 3969 200 4005 non
220 3949 251 4003 F
311 3951 343 4003 21
365 3953 543 4005 constitutum
561 3952 635 4020 refer
653 3953 692 4006 ud
709 3969 841 4005 summum
862 3970 996 4021 magnum,
1015 3971 1073 4006 non
1091 3951 1227 4006 addeum
1247 3953 1293 4019 (cf.

144 4040 228 4107 infra
241 4039 259 4092 l.
275 4041 329 4091 23:
342 4055 411 4106 quae
425 4055 556 4092 summum
571 4040 638 4108 sqq.)
692 4039 727 4092 22
741 4040 864 4092 innatum
881 4071 914 4078 —
929 4040 982 4092 fine
996 4041 1107 4093 seclusi:
1124 4041 1295 4108 interpolata

144 4133 213 4183 aaut
231 4128 267 4181 ab
280 4143 319 4189 co,
340 4128 639 4196 wormaciensisc
655 4131 726 4182 enim
740 4134 841 4182 statum
858 4130 900 4196 (id
912 4135 950 4182 eal
963 4131 1061 4183 samari
1074 4131 1168 4198 propat
1181 4135 1294 4196 etatum)

144 4233 204 4272 nen
221 4216 367 4270 intellecti.
435 4217 617 4284 parenthesin
630 4218 759 4272 indicaui
812 4219 846 4272 23
868 4223 980 4286 cense<o
1000 4217 1209 4284 uindica>udum
1223 4219 1294 4286 sori.

144 4306 181 4359 24
201 4309 231 4359 ct
249 4318 340 4360 cetera
359 4306 415 4359 scil.
435 4323 540 4360 summa
557 4323 658 4376 magna
725 4309 759 4360 26
780 4309 906 4360 conuenit
924 4307 994 4374 MF,
1015 4308 1156 4361 conueniet
1175 4307 1294 4374 Rurrlpo
