3250 4959
415 409 452 463 11.
469 409 515 462 De
535 408 653 464 Carnis
672 407 930 463 Resurrectioue
949 409 1063 464 46-47.
1272 413 1313 474 95

162 604 274 670 nauit
294 605 594 687 delinquentiam
614 605 650 668 in
671 623 788 684 carno,
808 625 870 670 non
890 625 1014 670 carnem
1033 606 1065 670 in
1085 605 1313 688 delinquentia:

161 731 267 794 neque
292 713 375 777 enim
400 713 513 777 domus
538 731 611 776 oum
634 712 812 776 habitatore
832 712 1042 776 damnabitur.
1066 712 1208 777 habitare
1231 714 1315 776 enim

161 823 332 902 peccatum
358 819 438 884 dixit
459 819 491 882 in
516 837 644 902 corpora
667 826 784 884 nostro.
809 819 957 883 damnata
975 822 1081 883 autem
1101 819 1317 901 delinquentia

164 945 237 992 caro
266 926 414 992 absoluta
442 927 500 1004 est,
533 927 618 990 sicut
643 925 826 990 indemnata
853 945 890 991 ea
917 926 982 1010 legi
1014 927 1126 991 mortis
1154 931 1186 990 et
1218 925 1315 990 dolin-

130 1052 144 1090 c
164 1031 314 1115 quentiae
338 1033 494 1097 obstricta
516 1036 575 1097 est.
605 1032 651 1096 sie
676 1033 738 1097 etsi
762 1051 891 1097 sensum
919 1033 1021 1098 carnis
1048 1036 1183 1096 mortem
1212 1033 1316 1115 appel·

163 1139 257 1214 lauit,
281 1139 395 1202 dehinc
419 1141 451 1202 et
474 1139 674 1204 inimicitiam
700 1139 738 1202 ad
762 1139 867 1216 deum,
891 1139 1031 1204 sednon
1057 1157 1180 1203 carnem
1205 1138 1315 1220 ipsam.

163 1247 219 1310 cui
245 1265 328 1330 ergo,
354 1245 452 1322 dicos,
475 1246 676 1327 reputabitur
700 1264 812 1310 sensus
837 1247 951 1321 earnis,
980 1245 1009 1308 si
1032 1264 1093 1310 nou
1117 1246 1316 1310 substantiae

163 1353 252 1435 ipsi?
279 1353 381 1433 plane,
411 1351 439 1414 si
466 1351 650 1434 probaueris
680 1351 801 1434 aliquid
830 1370 953 1440 carnem
983 1351 1021 1415 de
1054 1371 1112 1417 suo
1141 1371 1260 1434 sapere.
1290 1353 1316 1417 si

164 1478 243 1523 uero
273 1459 339 1523 sine
367 1457 472 1523 anima
499 1459 619 1523 nullius
649 1463 698 1522 est
726 1477 851 1534 sensus,
882 1458 1034 1542 intellego
1063 1477 1191 1523 sensum
1216 1462 1316 1524 caruis

116 1587 146 1625 ιο
166 1567 207 1629 ad
231 1565 368 1629 animam
393 1583 463 1628 esse
487 1565 696 1640 reserandum,
721 1565 806 1629 cerni
830 1565 989 1630 interdum
1019 1565 1215 1648 deputatum,
1245 1566 1318 1646 quia

164 1675 297 1754 propter
320 1689 445 1734 carnem
470 1673 501 1734 et
525 1689 580 1754 per
604 1690 727 1735 carnem
752 1670 1001 1735 administratur.
1026 1674 1058 1735 et
1080 1671 1150 1734 ideo
1175 1669 1317 1736 habitare

166 1780 215 1842 ait
238 1776 485 1858 delinquentiam
508 1777 539 1840 in
565 1796 666 1854 carne,
691 1778 820 1859 quinat
843 1777 956 1853 anime,
981 1797 999 1841 a
1018 1797 1079 1858 qua
1103 1777 1319 1860 delinquentia

164 1884 340 1962 inducitur,
369 1884 526 1966 inquilina
554 1889 604 1948 est
631 1885 742 1962 caruis,
770 1885 979 1950 mortificatae
1009 1885 1147 1966 quidem,
1178 1885 1317 1950 sednon

167 2009 226 2056 suc
262 2011 374 2055 nerum
408 1991 642 2074 delinquentiae
674 1991 807 2055 nornine.
838 2011 908 2056 nam
938 1994 971 2054 et
1003 1991 1092 2055 alibi:
1121 1992 1317 2073 quomodo,

118 2121 148 2160 rs
166 2098 283 2180 inquit,
309 2097 421 2162 etiam
442 2117 538 2162 nuno
556 2100 665 2163 uelut
684 2099 862 2162 uiuentes
882 2099 916 2161 in
937 2098 1071 2164 mundo
1092 2099 1318 2162 sententiam

155 2193 303 2268 tertis?
332 2223 391 2268 uon
423 2203 461 2267 ad
489 2211 633 2269 mortuos
662 2205 813 2282 scribens,
843 2204 899 2268 sed
927 2203 967 2268 ad
995 2223 1072 2281 coe,v
1093 2205 1149 2287 qui
1177 2204 1317 2269 desinere

167 2311 320 2375 deberent
343 2310 547 2375 mundialiter
569 2311 689 2376 uiuere.

214 2419 268 2482 47.
292 2417 379 2482 Haeo
399 2419 480 2483 enim
502 2419 561 2482 crit
581 2419 647 2482 uita
664 2418 848 2495 mundialis,
873 2437 966 2500 quam
992 2421 1133 2483 ueterem
1157 2419 1316 2483 hominem

167 2525 249 2589 dicit
271 2524 426 2590 confixum
451 2521 545 2611 [esse]
570 2524 707 2598 Christo,
732 2544 793 2589 non
819 2525 1082 2608 corporalitatem.
1103 2520 1172 2610 [sod
1194 2526 1319 2589 morali·

119 2653 148 2693 ro
167 2628 280 2719 tatem]
301 2635 441 2696 ceterum
462 2631 489 2696 si
508 2651 569 2696 non
583 2631 630 2695 ita
643 2632 829 2713 accipimus,
843 2652 904 2696 non
918 2638 968 2696 est
987 2632 1192 2714 corporalitas
1211 2637 1319 2696 nostra

167 2738 289 2803 confixa
307 2757 365 2803 neo
384 2756 510 2802 erucem
529 2737 646 2804 Christi
671 2757 741 2802 caro
761 2746 870 2802 nostra
887 2757 1037 2821 perpessa
1055 2749 1114 2815 est,
1135 2738 1191 2802 sed
1210 2758 1316 2820 quem·

166 2845 340 2910 admodum
368 2845 496 2909 adiecit:
531 2845 586 2908 ati
620 2848 826 2909 euaouetur
858 2864 994 2928 corpus
1018 2843 1315 2926 delinquentiae.

165 2971 223 3034 per
247 2951 497 3016 emendationem
526 2952 622 3025 uitae,
647 2971 708 3015 non
732 2971 788 3034 per
810 2952 974 3016 interitum
998 2951 1206 3024 substantiae,
1233 2942 1318 3017 sicut

166 3059 222 3134 ait,
253 3059 310 3122 uti
338 3059 523 3122 hactonus
553 3057 838 3139 delinquentiae
871 3059 1083 3123 seruiamus
1117 3061 1150 3120 et
1184 3062 1221 3122 ut
1258 3059 1317 3123 hac

120 3165 289 3231 aratione
337 3164 540 3228 ‘commortui
582 3163 707 3229 Christo
759 3163 935 3238 credamus,
983 3163 1067 3246 quod
1109 3163 1204 3228 etiam
1246 3185 1317 3229 con-

257 3445 286 3513 5]
301 3444 333 3497 of.
348 3443 425 3497 Rom.
439 3444 464 3506 8,
479 3445 557 3497 6-7,
611 3445 655 3513 ll]
672 3442 705 3496 oi.
721 3444 797 3499 Rom.
814 3445 838 3507 7,
855 3445 897 3500 17,
950 3446 992 3514 14]
1010 3443 1066 3500 Col.
1082 3445 1107 3512 2,
1122 3445 1165 3497 20,
1222 3443 1266 3514 18]
1282 3443 1314 3496 oi.

164 3534 244 3587 Rom.
263 3535 289 3600 6,
309 3535 335 3586 6.
385 3532 431 3601 22]
447 3531 523 3586 Rom.
537 3533 562 3593 6,
579 3533 602 3586 6.
658 3533 703 3603 24]
718 3533 754 3586 ib.
810 3533 854 3602 25]
874 3532 907 3586 ct.
925 3535 1003 3587 Rom.
1023 3534 1047 3597 6,
1067 3533 1091 3586 8.

201 3761 294 3830 llegi
313 3760 408 3824 PMF,
427 3761 488 3828 lage
507 3761 627 3830 Rualpo
682 3763 697 3812 5
718 3760 770 3814 etsi
788 3761 883 3829 PMF,
905 3766 933 3813 et
953 3761 1005 3814 Gal
1022 3761 1123 3828 reliqui
1179 3763 1211 3815 10
1231 3760 1314 3829 depu-

164 3853 256 3904 tatum
274 3849 340 3904 ΡΜ
355 3853 399 3916 (eu
417 3848 610 3903 demutandum
630 3865 698 3902 corr.
718 3867 751 3902 m.
771 3849 805 3918 1),
826 3849 1010 3918 deputandum
1029 3849 1096 3902 Ρ111
1154 3850 1186 3902 11
1206 3854 1316 3919 propter

166 3955 274 3995 earnem
295 3938 462 3994 etom.Gel
526 3941 558 3992 12
578 3939 760 3993 animaePR¹
844 3939 975 4008 aquaB.
996 3955 1047 3992 om.
1066 3939 1157 3992 PMF
1227 3937 1313 3992 delin-

166 4029 295 4098 quentiae
310 4027 348 4082 M
402 4028 433 4082 18
453 4029 599 4096 ooaimaqe:
617 4027 684 4081 haec
703 4029 762 4080 uita
780 4027 926 4080 mundialis
942 4028 995 4080 crit
1009 4045 1090 4096 quam
1109 4027 1176 4082 dicit
1194 4031 1313 4081 ueterem

164 4117 303 4170 hominem
323 4116 454 4170 confixum
474 4115 535 4170 Chr.
609 4133 662 4186 qna
681 4116 735 4184 Rip
796 4119 828 4169 19
848 4133 906 4170 esse
925 4118 1023 4169 acolaci
1096 4117 1313 4185 corporalitatem

160 4221 215 4272 pro
234 4204 422 4274 corporalitas.
441 4203 509 4272 quia
526 4205 690 4256 tartarceaait:
710 4221 800 4271 quarn
822 4204 889 4257 dicit
961 4204 1009 4256 scd
1023 4205 1206 4257 moralitatem
1218 4205 1316 4258 seclaaoi

164 4293 200 4347 25
219 4292 330 4348 Christo
349 4291 433 4345 Pam:
453 4293 482 4346 in
501 4292 601 4346 christo
620 4293 712 4346 PMF
786 4294 961 4346 conuiuenrus
981 4293 1048 4360 MC,
1069 4294 1243 4374 concinamus
1261 4293 1317 4348 PF
