3250 4959
303 338 344 403 88
525 335 641 400 Quinti
662 336 802 404 Septimi
823 335 995 389 Florentia
1015 336 1221 389 Tertulliani

302 529 411 594 dentes
431 530 628 612 incorruptos
645 549 826 612 perennare,
847 549 927 612 quae
941 535 978 594 ut
998 531 1119 594 semina
1133 531 1308 595 retinentur
1321 531 1447 596 frutica-

301 637 365 699 turi
389 636 528 717 corporis
557 636 587 699 in
616 637 853 701 resurrectione.
880 641 1041 718 postremo
1071 638 1131 701 etsi
1154 643 1231 702 tnnc
1259 638 1444 703 deuoratum

301 741 481 806 inuenietur
499 743 632 808 mortale
653 743 683 806 in
704 743 851 807 omnibus
872 744 1017 821 mortuis,
1033 750 1118 808 certe
1137 763 1154 807 a
1172 749 1284 820 morte,
1304 749 1388 809 certe
1407 746 1445 808 ab

302 867 389 925 aeuo,
406 853 489 912 certe
504 869 560 932 per
574 853 720 929 aetatem,
742 849 898 931 numquid
917 870 935 913 a
953 850 1031 929 uita,
1053 850 1206 932 numquid
1226 870 1243 914 a
1262 851 1446 932 superindu-

302 957 417 1031 mento,
439 956 593 1038 numquid
608 955 646 1019 ab
662 957 902 1020 inmortalitatis
918 956 1069 1039 ingestu?
1092 975 1184 1038 porro
1204 957 1257 1038 qui
1277 957 1385 1021 abhis
1404 958 1448 1021 ait
1478 984 1491 1018 ι

302 1063 493 1129 deuoratuiri
518 1067 663 1132 mortale.
688 1066 726 1128 ab
753 1065 824 1130 aliis
852 1065 992 1148 negauit.
1027 1069 1058 1127 et
1090 1065 1202 1146 utique
1229 1064 1290 1128 hoc
1322 1083 1341 1127 a
1369 1063 1448 1128 diui·

302 1173 350 1234 nis
387 1171 520 1248 uiribus,
558 1191 618 1236 non
653 1192 671 1235 a
702 1171 902 1237 naturalibus
935 1171 1062 1254 legibus
1095 1169 1201 1254 perfici
1234 1171 1448 1253 praestarique

303 1278 477 1343 conueniet.
511 1299 584 1362 ergo
620 1299 691 1342 oum
726 1299 743 1342 a
776 1279 844 1342 nita
876 1278 992 1342 habeat
1022 1278 1167 1343 deuorari
1199 1277 1285 1360 quod
1316 1278 1448 1342 mortale

303 1390 361 1458 est,
398 1386 432 1450 id
468 1385 607 1450 exhiberi
641 1386 838 1450 omnifariam
877 1404 1007 1449 necesse
1041 1389 1099 1459 est,
1138 1388 1175 1448 ut
1205 1384 1385 1459 deuoretur,
1417 1389 1448 1446 et

303 1491 457 1566 deuorari,
480 1497 518 1557 ut
541 1493 733 1556 demutetur.
759 1491 786 1555 si
809 1492 916 1574 ignem
941 1491 1028 1556 dicas
1052 1492 1182 1556 accendi
1210 1497 1363 1573 oportere,
1388 1509 1447 1554 non
1469 1517 1494 1554 ιο

302 1603 392 1680 potes
424 1599 467 1676 id,
501 1619 554 1682 per
588 1599 673 1680 quod
705 1599 897 1674 accenditur,
930 1598 1007 1662 alibi
1038 1599 1253 1662 necessarium
1285 1598 1448 1662 adfirmare

302 1705 377 1769 alibi
406 1725 475 1771 non.
500 1707 545 1769 sic
574 1711 607 1769 et
634 1725 706 1770 cum
734 1705 877 1769 infulcit:
907 1705 1093 1786 siquidem
1122 1705 1225 1769 exuti
1253 1723 1322 1768 non
1350 1704 1448 1768 inue-

301 1812 445 1878 niemur
473 1813 571 1891 nudi,
602 1812 639 1875 do
668 1813 714 1876 eis
743 1813 878 1886 scilicet,
903 1812 958 1894 qui
982 1831 1042 1876 non
1065 1815 1097 1874 in
1122 1812 1190 1875 uita
1218 1829 1275 1874 nec
1302 1812 1448 1874 incarne

302 1919 574 2003 deprehendentur
603 1939 620 1982 a
649 1919 699 1983 die
728 1919 857 1997 domini,
886 1938 947 1983 non
975 1919 1054 1982 alias
1081 1919 1213 2001 negauit
1240 1918 1342 1983 nudos
1370 1936 1449 2000 quos

301 2027 455 2110 praedixit
474 2032 594 2101 exutos,
620 2026 682 2090 nisi
706 2027 780 2108 quia
799 2030 832 2090 et
849 2027 1021 2091 reuestitos
1042 2026 1147 2090 uoluit
1168 2026 1314 2110 intellegi
1338 2025 1447 2090 eadem
1469 2051 1495 2090 ιι

302 2133 490 2210 substantia,
523 2125 585 2214 qua
617 2133 742 2196 fuerant
778 2131 916 2214 spoliati.
953 2135 990 2195 ut
1021 2131 1098 2195 nudi
1129 2132 1213 2196 enim
1245 2131 1447 2195 inuenientur

302 2257 392 2302 carne
420 2238 563 2320 deposita
591 2238 644 2301 uel
672 2257 708 2302 ex
732 2243 820 2320 parte
848 2239 985 2303 discissa
1012 2239 1081 2302 siue
1108 2237 1234 2315 detrita,
1263 2275 1306 2284 -
1329 2241 1362 2302 et
1385 2239 1445 2302 hoo

302 2345 384 2407 enim
410 2345 536 2408 nuditas
560 2349 668 2426 potest
696 2345 759 2408 dici
782 2383 826 2391 —
850 2345 962 2410 dehinc
989 2345 1143 2428 recipient
1170 2364 1250 2423 eam,
1279 2349 1316 2408 ut
1342 2345 1445 2408 redin-

301 2450 371 2514 duti
403 2469 528 2515 carnem
556 2451 622 2516 lieri
650 2452 775 2532 possint
808 2451 904 2515 etiam
938 2451 1138 2533 superinduti
1173 2451 1444 2516 inmortalitatem.

300 2556 484 2640 superindui
507 2559 590 2621 enirn
614 2557 674 2621 nisi
698 2558 818 2621 uestito
841 2557 905 2620 iam
929 2557 1097 2622 conuenire
1121 2576 1182 2621 non
1206 2558 1332 2638 poterit.
1463 2581 1492 2625 ao

345 2665 398 2728 43.
423 2665 558 2728 Proinde
579 2683 651 2728 cum
672 2664 762 2728 dicit:
789 2665 916 2744 itaque
940 2665 1080 2729 confisi
1103 2683 1251 2747 semper
1273 2669 1310 2728 et
1328 2663 1446 2730 soien-

301 2772 360 2834 tes
385 2771 492 2852 quod.
518 2791 600 2835 cum
624 2772 851 2834 inmoremur
873 2771 908 2834 in
933 2789 1098 2853 corpore,
1122 2771 1405 2854 peregrinemur
1427 2789 1447 2833 a

301 2876 459 2954 domino,
488 2877 690 2959 perfidem
716 2878 811 2941 enim
836 2878 1058 2953 incedimus,
1087 2897 1154 2941 non
1179 2897 1243 2960 per
1270 2877 1445 2959 speciem,

301 2984 503 3048 manifestum
533 2991 583 3049 est
611 2986 670 3049 hoc
700 3003 826 3066 quoquc
854 3003 913 3048 non
946 2984 1101 3067 pertinere
1134 2983 1173 3047 ad
1205 2984 1445 3048 offuscationem

301 3091 403 3154 carnis
428 3091 519 3172 quasi
543 3092 718 3175 separantis
743 3111 799 3156 nos
824 3110 842 3155 a
865 3091 1003 3155 domino.
1028 3095 1061 3154 et
1082 3091 1135 3154 hic
1164 3091 1248 3154 enim
1271 3089 1494 3157 exhortatione

300 3197 509 3263 fastidiendae
533 3200 618 3263 uitae
648 3200 743 3263 huius
772 3199 961 3273 obuertitnr,
989 3198 1147 3279 siquidem
1174 3198 1447 3280 peregrinamura

301 3304 426 3370 domino
452 3305 603 3388 quamdiu
628 3306 782 3382 uiuimus,
807 3304 980 3387 perfidem
1003 3304 1196 3382 incedentes,
1220 3323 1281 3368 non
1306 3321 1360 3386 per
1378 3320 1447 3383 spe-

389 3493 417 3562 a]
438 3493 470 3546 cr.
488 3493 517 3547 ιι
537 3493 596 3547 eor.
616 3494 641 3551 a.
661 3496 686 3545 4.
745 3493 786 3560 ιι]
807 3491 835 3544 ιι
853 3491 914 3545 eor.
934 3494 959 3552 5,
979 3494 1004 3546 a.
1059 3493 1105 3561 21]
1125 3493 1153 3547 ιι
1173 3491 1233 3548 cor.
1251 3495 1277 3559 a,
1296 3493 1376 3546 e-r.

338 3617 351 3668 1
372 3617 525 3671 fruticaturi
545 3619 616 3670 Iun:
635 3617 804 3670 fructicaturi
822 3615 857 3684 F,
878 3617 1067 3670 fructificaturi
1085 3618 1148 3670 PM
1206 3619 1222 3670 5
1242 3619 1289 3688 qui
1308 3618 1341 3671 ab
1360 3617 1404 3671 his
1422 3617 1452 3671 F

304 3705 362 3767 Gel,
383 3707 446 3774 quia
464 3707 506 3759 his
520 3707 580 3759 PM
645 3708 661 3759 6
682 3705 848 3759 deuoratuiri
866 3707 967 3776 sampsi
986 3709 1032 3775 (ef.
1048 3725 1077 3774 p.
1099 3711 1143 3774 44,
1160 3711 1204 3772 3).·
1223 3707 1337 3761 deuoret
1350 3707 1401 3761 uiri
1415 3707 1449 3770 P,

302 3793 475 3848 deuoratum·
494 3797 525 3847 iri
546 3795 587 3860 M,
608 3793 721 3848 deuoret
740 3812 794 3848 non
815 3797 847 3848 iri
866 3795 896 3848 F
954 3795 987 3848 12
1006 3813 1059 3849 ιιοιι
1078 3797 1247 3849 inueniemur
1269 3795 1334 3849 nudi
1353 3795 1448 3859 PMF,

301 3898 354 3934 non
369 3882 434 3934 nudi
450 3883 654 3936 inueniarnurC
709 3885 741 3938 15
757 3889 784 3937 et
798 3885 944 3936 reuestitos
963 3885 991 3951 0,
1006 3887 1150 3937 reuestitos
1160 3883 1253 3936 PMF
1305 3885 1339 3938 18
1353 3883 1451 3936 dehinc

301 3970 397 4038 PMF,
425 3975 454 4024 et
482 3972 577 4024 dehinc
608 3973 631 4025 C
694 3973 726 4026 19
755 3989 861 4026 carnem
892 3973 956 4025 cer.-
983 3989 1061 4026 carne
1089 3973 1180 4025 PMF
1231 3971 1267 4025 20
1295 3975 1388 4041 potest
1410 3969 1450 4024 R³

301 4061 335 4112 22
360 4063 522 4113 inmoremur
544 4061 639 4128 Pnln',
658 4063 832 4115 immoramur
857 4061 880 4115 0
951 4062 1152 4130 peregrinemur
1175 4059 1270 4124 PMF,
1293 4061 1450 4129 peregrina-

301 4168 361 4204 mur
381 4149 405 4205 0
458 4153 491 4205 25
510 4155 548 4212 Let
567 4151 610 4204 hio
631 4151 700 4204 enirn
722 4150 874 4204 exhortatio
894 4149 1077 4202 fastidiendae
1098 4151 1172 4202 uitae
1189 4149 1270 4202 huius
1289 4149 1450 4215 obuertitnr,

302 4239 434 4308 siquidem
453 4239 656 4309 peregrinamur
673 4255 688 4290 a
709 4239 828 4300 domino,
846 4237 974 4306 quamdin
993 4237 1029 4306 B,
1049 4236 1178 4306 quamdiu
1196 4236 1288 4290 PMF
