3250 4959
426 373 474 429 III.
494 373 664 428 Aduersus
683 373 920 441 Hermogenem
940 373 1055 426 2143.
1251 375 1312 439 151

162 571 244 636 deus
273 569 434 654 proferens
465 568 603 634 ostendit
634 589 690 652 per
722 569 909 651 prophetam
942 574 976 633 et
1008 568 1096 644 dicit,
1129 569 1205 651 qnid
1232 569 1315 633 unde

161 677 345 760 protulerit,
378 712 422 722 -·
450 693 640 758 quemquern
664 677 827 758 possimus
850 673 1049 758 <unde>unde
1077 676 1150 739 illas
1174 677 1314 758 prolatos

162 784 345 860 aestimare,
375 782 491 847 dumne
520 801 555 846 er
578 781 693 858 nihilo;
721 783 784 846 iarn
815 783 899 846 enim
923 783 1007 846 factu
1034 786 1123 847 erant
1151 781 1314 863 quaedam,

162 909 198 954 er
221 890 338 973 quibus
358 890 498 971 prolatae
518 888 618 954 uideri
639 895 770 974 possent
787 925 840 968 —-,
865 889 892 951 si
911 893 1033 952 tantem
1053 909 1159 953 curem
1179 888 1315 952 instruo-

129 997 244 1061 stioni
278 1003 405 1062 nostrae
437 997 609 1080 insumpsit
642 997 774 1080 spiritus
808 998 949 1077 sanctus,
982 999 1020 1060 ut
1051 997 1206 1060 sciremus
1239 994 1315 1078 quid

161 1103 249 1169 unde
277 1104 479 1186 processerit,
508 1122 608 1167 nonne
636 1102 766 1184 proinde
795 1120 852 1167 nos
882 1101 976 1166 etde
1004 1102 1092 1166 coelo
1116 1101 1210 1165 etde
1234 1105 1317 1165 terre

163 1215 331 1293 compotes
355 1210 547 1274 reddidisset
570 1209 788 1294 significando,
818 1210 901 1273 unde
926 1228 963 1273 es
990 1214 1077 1274 esset
1104 1210 1263 1291 operatus,
1288 1208 1315 1272 si

164 1318 204 1381 de
230 1318 338 1398 eliqua
360 1317 492 1381 materia
515 1317 604 1401 origo
629 1316 952 1394 constantinorum,
980 1334 1018 1379 ne
1041 1318 1129 1380 tento
1153 1315 1256 1398 magis
1280 1333 1315 1378 er

163 1425 266 1490 nihilo
292 1444 328 1489 eu
350 1424 512 1489 uideretur
535 1427 694 1506 operatus,
720 1427 837 1506 quanto
861 1424 941 1488 nihil
964 1423 1067 1488 adhue
1091 1426 1158 1487 erut
1184 1421 1315 1499 fectum,

119 1551 146 1590 m
166 1551 203 1596 er
234 1551 295 1614 quo
324 1538 473 1615 operatus
501 1532 685 1596 uideretur?
713 1533 822 1615 itaque
851 1531 937 1596 sicut
963 1550 1009 1609 ea,
1039 1549 1120 1613 quse
1148 1529 1186 1594 de
1209 1528 1315 1610 aliquo

164 1638 293 1720 prolata
311 1641 396 1717 sunt,
417 1637 565 1716 ostendit,
584 1637 668 1701 unde
688 1637 810 1720 prolata
829 1637 903 1715 sint,
924 1639 1067 1718 itaquae
1087 1655 1146 1701 non
1167 1635 1315 1713 ostendit,

163 1743 253 1808 unde
273 1745 394 1826 prolata
413 1743 785 1826 sint‚e1nihiloproletn
807 1743 980 1808 confirmet.
997 1743 1145 1825 sigitur:
1165 1742 1200 1807 in
1221 1743 1315 1824 prin-

166 1851 271 1933 oipio
304 1850 394 1914 deus
435 1851 528 1916 fecit
560 1849 704 1915 coelum
743 1856 780 1916 et
817 1855 970 1929 terram,
1008 1850 1102 1914 sdoro
1140 1850 1315 1930 scripturos

165 1957 409 2040 plenitudinem,
439 1975 501 2040 que
527 1957 607 2021 mihi
635 1961 667 2021 et
686 1957 851 2022 ‘factorem
884 1956 1067 2022 manifestet
1099 1962 1132 2021 et
1162 1956 1260 2029 factm
1284 1955 1316 2018 in

122 2077 146 2117 1⁵
166 2063 336 2147 euangelio
362 2082 435 2128 uero
460 2063 597 2145 emplius
622 2067 654 2128 et
676 2064 859 2129 ministrum
887 2068 981 2146 etque
1010 2064 1164 2127 arbitrum
1187 2062 1317 2126 factoris

166 2169 308 2248 inuenio,
332 2189 518 2235 sermonem.
553 2190 590 2235 sn
624 2174 731 2236 sulem
764 2171 803 2236 de
836 2171 943 2254 eliqua
976 2170 1154 2235 subiacenti
1185 2168 1318 2232 materia

167 2277 254 2342 lacte
278 2277 342 2342 sint
365 2279 478 2358 omnis,
506 2293 663 2360 nusquam
691 2277 794 2342 adhuc
823 2278 898 2361 legi.
926 2277 1079 2359 scriptum
1109 2294 1178 2340 esse
1208 2274 1318 2339 doceat

167 2384 380 2467 Hermogenis
409 2383 545 2449 officina.
573 2386 601 2450 si
628 2404 690 2450 non
718 2388 768 2450 est
800 2387 966 2468 scriptum,
994 2384 1107 2448 timeat
1143 2400 1202 2445 rrae
1237 2378 1318 2445 illud

166 2490 380 2556 adicientibus
404 2496 460 2554 sut
482 2490 721 2557 detrahentibus
745 2491 952 2556 destinatum.

121 2613 148 2652 πο
215 2597 269 2661 23.
303 2596 365 2662 Sed
398 2599 462 2681 (et)
494 2617 530 2662 cx
560 2599 767 2680 sequentibus
790 2601 1041 2683 argumentatur,
1066 2596 1141 2678 quia
1163 2595 1316 2676 scriptum

167 2704 228 2768 sit:
257 2706 358 2768 terre
386 2711 511 2768 entem
540 2711 620 2769 eret
642 2705 860 2770 inuisibilis
889 2709 925 2770 et
951 2703 1215 2785 incomposite.
1244 2721 1316 2766 nam

169 2813 202 2874 et
221 2813 322 2874 terrae
340 2829 453 2876 nornen
467 2811 584 2895 redigit
597 2811 661 2894 (in)
674 2811 851 2890 materiam,
871 2813 945 2894 quis
962 2815 1046 2875 terre
1064 2811 1117 2890 sit,
1137 2829 1216 2892 quse
1234 2807 1318 2872 faeta

170 2921 221 2981 est
249 2935 285 2980 ex
313 2917 378 2995 illa,
407 2920 439 2981 et
462 2920 550 2982 ‘erat'
578 2919 609 2982 iu
638 2918 699 2985 hec
722 2918 841 3002 dirigit,
867 2917 958 3001 qussi
982 2937 1063 2998 quse
1088 2934 1212 2998 semper
1234 2919 1317 2978 retro

169 3023 276 3104 fuerit,
300 3023 408 3088 innata
432 3028 465 3088 et
487 3023 613 3100 inlecta,
638 3025 808 3090 inuisibilis
829 3023 934 3090 eutem
955 3028 987 3089 et
1005 3024 1104 3100 rudis,
1129 3022 1205 3106 quie
1223 3020 1318 3086 infor·

121 3145 148 3185 2⁵
169 3149 255 3194 mern
285 3133 318 3194 et
344 3129 508 3195 contusum
542 3135 574 3195 et
600 3132 794 3198 inconditam
823 3134 896 3196 uult
925 3133 1024 3196 luisse
1052 3131 1228 3194 materiem.
1260 3127 1318 3191 has

169 3237 299 3320 quidem
324 3237 487 3318 opiniones
512 3237 580 3302 eius
605 3237 790 3322 singillatim
817 3239 991 3314 resineam
1016 3238 1071 3303 sed
1094 3237 1219 3301 interim
1244 3233 1317 3297 uolo

169 3343 217 3408 sic
237 3343 266 3407 ei
284 3342 486 3424 respondere:
506 3349 657 3427 putemus
671 3345 727 3410 ‘his
747 3346 891 3411 articulis
909 3345 1074 3410 materiam
1094 3339 1316 3408 demonstrari:

169 3450 326 3531 numquid
345 3454 460 3527 tamen,
481 3451 554 3533 quie
578 3455 646 3516 erat
665 3455 738 3516 ante
756 3452 863 3517 omnia
881 3456 914 3516 et
932 3450 1015 3530 talis,
1036 3454 1069 3515 ct
1087 3469 1122 3514 er
1142 3447 1316 3511 coiectum

264 3625 308 3694 12]
329 3623 395 3678 een.
416 3627 439 3692 r,
461 3627 484 3682 r.
542 3627 586 3696 rs]
608 3625 641 3680 cr.
660 3627 744 3696 npoc.
763 3628 806 3695 22,
828 3627 941 3683 rs-rs.
996 3628 1042 3695 2η
1063 3626 1129 3680 een.
1151 3627 1174 3689 r,
1193 3625 1218 3678 2.

206 3731 224 3784 2
235 3731 379 3786 undeunde
393 3731 458 3786 Urs:
468 3732 539 3787 unde
548 3733 635 3787 PNF
668 3735 684 3788 3
695 3734 822 3788 estimare
832 3734 892 3798 PF,
904 3734 1056 3788 existimare
1065 3734 1095 3787 N
1104 3737 1140 3800 (et
1148 3732 1207 3787 cod.
1215 3731 1317 3784 Dissio·

165 3819 492 3890 muisteeteRiyultio)
522 3823 739 3878 dinetruetioni
752 3823 866 3892 scripsi:
877 3824 1065 3878 instructionis
1077 3822 1163 3876 PNF
1203 3822 1268 3876 Bne
1281 3822 1317 3882 F,

169 3913 201 3962 ut
214 3909 273 3964 ΡΝ
286 3911 369 3979 sumo
422 3911 453 3964 12
469 3913 602 3966 lacunam
615 3913 742 3981 signauit
754 3913 849 3982 legens
862 3914 1034 3968 intercidisse
1043 3919 1114 3981 puto
1163 3912 1196 3966 13
1210 3915 1317 3967 terrem.

169 3998 254 4052 adoro
268 3999 352 4068 uulgo
407 4001 440 4054 15
454 3999 565 4056 lectoris
580 4000 635 4070 rsty
653 4002 810 4066 (secundum
829 4003 888 4058 cod.
904 4003 1110 4068 Diuionenscm,
1127 4008 1160 4055 ut
1178 4000 1317 4070 testatur):

169 4087 286 4142 rectoris
300 4086 386 4141 PNF
437 4087 520 4142 sees
534 4089 634 4142 addidi
679 4089 714 4142 22
727 4090 756 4144 in
771 4090 837 4144 add.
851 4090 900 4154 Rs,
914 4107 965 4144 om.
981 4089 1103 4145 ΡΝΡΙέ1
1148 4091 1317 4157 ἳῖρυῐθιηηε

160 4176 212 4244 ’Ν,“
222 4180 351 4246 putemus
365 4175 421 4228 PF
477 4175 510 4230 28
526 4181 555 4230 et
568 4177 641 4240 telis,
657 4183 685 4231 et
698 4195 728 4231 ex
744 4193 776 4232 es
788 4179 891 4232 fectum
906 4178 1008 4247 aliquid
1026 4179 1139 4246 scripsi:
1157 4181 1186 4231 et
1203 4177 1275 4230 tuiis.
1289 4175 1318 4229 id

169 4265 218 4319 sed
238 4283 268 4320 ex
289 4281 322 4318 ee
341 4264 443 4318 fectum
463 4264 566 4334 aliquid
580 4265 664 4330 Res
682 4266 738 4320 tele
757 4266 862 4336 aliquid
881 4284 940 4320 esse
955 4284 986 4320 er
1005 4268 1155 4322 selectum
1170 4266 1228 4321 ΡΝ
1233 4265 1317 4334 rerelpo
