3250 4959
514 418 536 473 1.
555 418 602 473 De
620 418 790 490 patientia
810 419 924 475 14-16.
1251 420 1296 484 23

145 613 461 698 comprehendamus.
497 613 610 681 uultus
645 614 695 679 illi
727 612 921 697 tranquillus
952 614 987 681 et
1015 612 1173 695 placidus,
1210 614 1298 679 irone

144 738 235 803 pura,
269 722 358 787 nulla
388 721 540 787 maeroris
572 725 629 787 aut
655 721 719 787 irae
746 722 927 806 rugositate
953 724 1130 799 conuaotm
1162 718 1304 785 remissa

145 844 249 910 aeque
281 827 314 893 in
345 827 467 895 laetum
498 828 631 895 modum
664 826 846 912 supercilia,
879 827 982 895 oculis
1007 828 1201 905 bumilitate,
1234 844 1296 891 nou

146 930 338 1000 infelicitate
362 933 509 1011 deiectis3
533 952 569 1001 oe
590 934 821 1001 taciturnitatis
848 935 967 1000 honore
995 934 1171 1021 signatum
1200 934 1299 1011 color,

114 1066 127 1105 s
148 1039 255 1124 qualis
279 1042 400 1107 securis
423 1043 456 1106 ot
477 1040 628 1119 innoxiis3
651 1042 760 1106 motus
781 1041 931 1124 frequens
950 1042 1065 1124 capitis
1082 1042 1114 1106 iu
1134 1040 1298 1107 diabolum

147 1152 181 1213 et
213 1148 319 1213 minax
350 1148 449 1226 risus3
489 1152 629 1215 ceterum
661 1148 798 1214 amictus
832 1148 951 1215 circum
983 1153 1113 1231 pectora
1144 1146 1300 1214 candidus

148 1257 182 1320 at
218 1256 342 1339 corpori
377 1256 566 1341 impressus,
602 1258 640 1321 ut
677 1255 733 1339 qui
764 1274 823 1321 uec
853 1255 984 1320 inflatur
1014 1274 1073 1321 neo
1103 1254 1299 1341 inquinatur.

148 1362 243 1427 sedet
265 1361 403 1428 enimin
426 1359 539 1429 throno
559 1362 691 1447 spiritus
711 1363 780 1429 eius
799 1362 966 1427 mitissimi
984 1365 1018 1427 et
1035 1359 1299 1438 mansuetissimi,

148 1469 206 1551 qui
233 1488 295 1535 nou
322 1470 449 1536 turbine
478 1470 682 1555 glomeratur,
716 1487 778 1534 uon
801 1468 912 1535 nubilo
935 1468 1027 1547 liuet,
1061 1468 1116 1534 sed
1141 1471 1192 1534 est
1211 1472 1301 1533 tene

102 1600 129 1639 m
148 1594 202 1641 rae
227 1577 416 1656 serenitatis,
450 1580 577 1660 apertus
601 1580 634 1642 et
656 1576 801 1660 simplex,
830 1595 925 1659 quem
953 1576 1048 1641 tertio
1071 1575 1155 1641 uidit
1176 1574 1299 1639 Helias.

147 1701 222 1747 uam
260 1680 315 1747 ubi
352 1684 441 1762 deus,
477 1676 598 1749 ibidum
634 1684 667 1748 et
698 1684 827 1749 alumna
860 1682 941 1759 ciue,
978 1670 1132 1767 patientia
1163 1674 1300 1746 scilicet.

148 1806 225 1853 oum
258 1807 332 1873 ergo
365 1788 497 1873 spiritus
530 1787 582 1854 dei
615 1786 788 1866 descendit,
821 1787 986 1854 indiuidua
1018 1787 1171 1873 patientia
1203 1786 1300 1852 comi-

148 1897 238 1960 tatur
262 1913 345 1959 eum.
378 1894 415 1985 si
434 1914 494 1961 uon
523 1914 596 1961 cum
629 1895 746 1979 spiritu
779 1894 1013 1973 admiserimus,
1044 1896 1078 1961 iu
1109 1894 1201 1960 nobis
1233 1912 1300 1958 mo-

147 2000 273 2065 rabitur
309 2004 454 2085 semperi’
485 2002 584 2067 immo
621 2001 740 2079 nescio,
776 2021 814 2066 an
848 2001 970 2067 diutius
1002 2004 1194 2085 perseueret.
1231 2000 1301 2066 eine

104 2131 129 2171 ιε
151 2124 211 2171 sua
233 2107 352 2173 comite
374 2125 411 2173 oo
433 2107 577 2173 ministra
600 2108 687 2172 omni
711 2108 781 2173 loco
800 2128 838 2173 uc
855 2112 999 2191 tompore
1017 2112 1300 2193 angaturueoesse

148 2217 208 2278 est.
236 2212 460 2297 quodcumque
486 2213 636 2279 iuimicus
665 2214 734 2278 eius
761 2213 920 2293 inflixerit,
945 2215 1034 2281 solus
1057 2214 1216 2281 sustinere
1238 2232 1299 2279 nou

146 2320 278 2405 poterit,
303 2338 413 2385 carens
436 2318 649 2387 instrumento
674 2320 865 2385 sustinendi.

195 2428 246 2490 16.
274 2425 363 2491 Haec
390 2425 562 2510 pationtiae
588 2426 681 2506 ratio,
711 2426 788 2491 haec
811 2426 991 2510 disciplina,
1019 2429 1097 2493 baec
1126 2446 1231 2512 opera,
1255 2463 1300 2473 -

148 2531 298 2599 coelestis
331 2535 364 2598 et
394 2552 499 2598 uerae.
532 2533 656 2598 scilicet
688 2531 870 2598 Christiano
900 2552 974 2613 uon,
1001 2537 1040 2598 ut
1065 2536 1124 2600 illa
1146 2534 1301 2618 patientia

103 2664 131 2705 so
149 2640 294 2723 gentium
336 2644 447 2719 terrae,
489 2640 570 2705 falsa
611 2639 773 2722 probrosa.
816 2659 889 2705 uam
930 2645 968 2704 ut
1003 2641 1035 2704 iu
1072 2641 1135 2706 isto
1174 2659 1300 2724 quoque

149 2744 280 2811 domino
313 2745 459 2812 diabolus
491 2747 713 2826 aemularetur,
748 2746 841 2829 quasi
871 2746 965 2829 plane
997 2766 1034 2812 ex
1065 2749 1133 2831 pari
1165 2748 1299 2812 -nisi

150 2851 238 2935 quod
269 2851 340 2936 ipsa
371 2852 542 2919 diuersitas
574 2854 653 2919 meli
685 2857 718 2919 et
748 2852 824 2920 boni
860 2853 1035 2936 aequaliter
1070 2853 1299 2939 magnitudinis

149 2976 208 3042 par
240 2963 291 3023 est
321 2994 366 3006 —
398 2959 508 3025 docuit
535 2964 567 3025 et
594 2979 670 3025 suos
694 2960 882 3042 patientiam
903 2961 1073 3043 propriam,
1104 2960 1194 3025 illam
1218 2959 1299 3038 dico,

150 3084 233 3148 quae
265 3066 397 3133 maritos
425 3067 499 3132 dote
522 3069 652 3133 uenales
676 3070 732 3132 aut
754 3068 921 3134 lenociniis
944 3069 1144 3153 negotiantes
1167 3086 1299 3134 uxorum

103 3200 130 3239 as
149 3173 367 3257 potestatibus
382 3174 510 3253 subicit,
530 3193 610 3256 quae
625 3174 822 3256 aucupandis
842 3174 1033 3240 orbitatibus
1053 3193 1178 3240 omnem
1197 3174 1300 3240 coacti

151 3278 299 3363 obsequii
326 3279 468 3346 laborem
496 3280 639 3347 mentitis
663 3280 898 3347 adfectionibus
922 3282 1048 3357 tolerat,
1076 3300 1156 3363 quae
1178 3280 1300 3346 uentris

242 3506 286 3574 ro]
308 3504 341 3560 ef.
360 3504 401 3559 ru
419 3505 486 3576 aeg.
507 3506 549 3570 ro,
570 3506 611 3561 12.

185 3682 204 3736 6
223 3680 434 3750 circumspector
452 3696 483 3734 ao
502 3679 633 3735 candidus
651 3678 682 3734 F
744 3680 759 3734 7
779 3684 807 3733 te
828 3682 874 3751 qui
890 3678 922 3733 F
990 3682 1148 3750 inquinatur
1170 3678 1238 3736 Uro:
1258 3682 1300 3734 in·

149 3769 292 3840 quietatur
308 3767 432 3821 PMNF
503 3770 534 3823 11
555 3769 686 3824 alimenta
704 3768 733 3823 F
804 3769 837 3823 13
854 3772 955 3839 (earu)
971 3770 995 3823 si
1013 3769 1085 3824 Iaso:
1102 3769 1151 3825 aad
1162 3770 1302 3838 facillime

148 3858 324 3929 sapplantat
341 3862 429 3913 macte
443 3874 477 3912 aa
495 3858 730 3915 antecedentibus:
743 3859 906 3927 patientiam
965 3859 989 3911 si
1005 3876 1056 3912 nos
1073 3858 1142 3914 R'B
1188 3860 1222 3913 14
1240 3858 1301 3913 diu-

149 3949 206 4003 tius
224 3948 271 4002 bio
288 3947 413 4003 obsolute
429 3949 551 4017 positam
567 3946 680 4003 uidetur
694 3973 727 3994 =
743 3948 816 4003 corb
832 3964 890 4002 aar
902 3949 961 4003 aine
979 3949 1089 4019 loieopen
1105 3948 1171 4005 Zes't
1206 3948 1241 4003 18
1259 3947 1300 4001 di-

149 4038 268 4109 sciplina
282 4034 331 4101 13³,
349 4036 510 4108 discipliuae
523 4036 682 4093 PMNFR²
733 4038 767 4093 19
786 4054 867 4091 uerae
879 4036 1005 4107 PMNF,
1024 4054 1090 4092 uera
1105 4036 1165 4100 oei,
1180 4052 1243 4091 uere
1260 4034 1301 4090 12¹

150 4126 234 4181 alita
252 4125 386 4181 dirim
405 4129 433 4179 et
451 4142 532 4180 uerae
550 4127 621 4194 (siue
639 4130 724 4193 uera),
738 4126 844 4181 scilicet
858 4125 1030 4182 munemne
1043 4127 1113 4195 (oica
1126 4125 1300 4192 Christiana).

149 4216 234 4285 mdgo
310 4214 458 4269 christiana
469 4213 531 4282 PF,
550 4214 696 4286 christiane
715 4218 741 4287 (q
755 4231 789 4269 eor
801 4232 818 4269 a
831 4232 851 4269 c
868 4232 902 4268 m.
918 4216 947 4281 3)
960 4214 1002 4277 M,
1022 4214 1187 4269 christianae
1205 4213 1238 4266 N
1244 4212 1302 4282 Rip

150 4304 185 4359 22
203 4303 406 4375 magnitudinis
423 4302 522 4371 ΡΜΝ,
541 4302 730 4373 maguitudino
749 4302 779 4357 F
832 4314 835 4319 ·
