3250 4959
452 418 511 474 Vll.
531 418 700 472 Aduersus
717 418 916 471 Marcionem
937 416 983 469 lib.
1004 415 1017 468 l
1038 416 1151 470 19-20.
1316 417 1379 479 315

230 615 404 679 tentiamm
423 617 589 696 utriusque
605 614 806 678 instrumenti
827 611 1044 676 diuersitatern
1066 629 1191 693 quoque
1216 629 1379 693 argumen-

231 725 340 787 tentur
368 721 507 786 deorum.
555 721 653 804 igitur
681 741 753 784 curn
783 739 819 783 ea
852 720 1008 801 separatio
1042 720 1123 802 legis
1157 724 1189 782 et
1222 715 1380 798 euangelii

231 828 303 910 ipsa
331 828 384 905 sit,
418 848 498 909 quae
531 829 628 892 alium
662 827 757 891 deum
791 825 951 910 euangelii
984 825 1193 890 insinuauerit
1226 823 1379 888 aduersus

230 935 327 998 deum
353 934 447 1018 legis,
483 937 614 1016 apparet
641 935 712 996 ante
741 951 811 996 earn
840 932 1069 1013 separationem
1095 932 1188 995 deum
1212 932 1242 994 in
1267 930 1379 994 notitia

198 1041 428 1120 sponsasse,
456 1040 510 1121 qni
534 1039 572 1103 ab
597 1043 783 1123 argumento
813 1039 1020 1121 separationis
1044 1039 1192 1114 innotuit,
1217 1043 1311 1118 atque
1335 1037 1380 1100 ita

230 1167 293 1211 non
327 1167 346 1210 a
376 1147 501 1211 Christo
530 1148 709 1210 renotatam
739 1146 793 1228 qui
823 1147 885 1210 fuit
912 1150 983 1210 ante
1012 1145 1253 1228 separationem,
1282 1144 1380 1207 seda

228 1254 392 1318 Marcione
421 1256 681 1330 commentatum,
710 1253 763 1334 qni
792 1253 935 1316 instituit
963 1252 1193 1332 separationem
1224 1250 1378 1314 aduersus

230 1359 391 1443 euangelii
408 1360 552 1444 legisque
571 1377 692 1440 pacem,
718 1379 814 1440 quam
832 1363 914 1423 retro
935 1360 1086 1423 inlaesam
1109 1362 1140 1420 et
1158 1357 1378 1420 inconcussam

230 1465 270 1528 ab
295 1466 478 1547 apparentia
497 1465 615 1530 Christi
640 1485 741 1547 usque
761 1465 799 1528 ad
820 1465 983 1529 audaciam
1003 1463 1174 1528 Marcionis
1194 1463 1248 1527 illa
1268 1462 1377 1543 utique

182 1571 311 1636 roratio
345 1571 497 1647 seruauit,
533 1591 613 1653 quae
641 1591 703 1635 non
732 1572 829 1635 aliurn
858 1572 953 1635 deum
983 1577 1014 1636 et
1042 1571 1123 1655 legis
1157 1573 1189 1635 et
1221 1568 1378 1652 euangelii

229 1677 381 1741 tuebatur
399 1682 523 1759 praeter
542 1684 725 1756 creatorem,
750 1678 904 1742 aduersus
925 1697 1018 1759 quern
1038 1681 1125 1742 tanto
1145 1681 1218 1759 post
1236 1681 1377 1756 tempore

230 1785 389 1866 separatio
413 1803 432 1848 a
454 1785 587 1848 Pontico
611 1785 743 1848 inmissa
767 1789 824 1849 est.

276 1892 330 1955 20.
352 1891 438 1955 Huic
457 1891 712 1973 expeditissimae
731 1892 909 1972 probationi
933 1891 1074 1956 defensio
1099 1909 1223 1974 quoque
1248 1909 1266 1954 a
1288 1889 1377 1953 nobis

230 1999 411 2063 necessaria
442 2001 491 2062 est
519 1998 673 2062 aduersus
698 1983 946 2079 obstrepitacula
974 1998 1117 2062 diuersae
1145 1997 1252 2080 partis.
1290 1995 1378 2058 aiunt

185 2123 210 2163 aa
231 2104 314 2168 enirn
333 2105 528 2169 Marcionem
549 2123 609 2168 non
633 2108 698 2168 tarn
718 2105 888 2169 innouasse
908 2107 1050 2188 regulam
1075 2104 1272 2188 separatione
1295 2101 1376 2184 legis

230 2215 264 2275 et
294 2211 451 2294 euangelii
483 2230 578 2292 quarn
610 2215 694 2275 retro
728 2211 938 2275 adulteratam
972 2231 1144 2276 recurasse.
1189 2229 1206 2274 o
1241 2209 1375 2284 Christe,

229 2318 462 2400 patientissime
482 2318 616 2395 domine,
641 2319 696 2400 qui
719 2323 768 2382 tot
792 2318 882 2382 annis
905 2318 1166 2382 interuersiouem
1191 2315 1376 2400 praedicati-

230 2424 300 2488 onis
323 2428 397 2488 tuue
427 2425 621 2500 sustinuisti,
650 2425 748 2488 donec
777 2425 836 2489 tihi
861 2425 985 2490 scilicet
1008 2426 1147 2490 Marcion
1176 2423 1374 2489 subueniret!

230 2549 302 2593 narn
331 2536 363 2594 ot
388 2532 496 2613 ipsum
525 2531 654 2595 Petrum
686 2536 883 2614 ceterosque,
917 2533 1081 2596 columnas
1115 2532 1324 2614 apostolatus,
1359 2549 1377 2591 a

183 2659 210 2696 ao
229 2635 329 2700 Paulo
361 2639 568 2719 reprehensos
606 2644 779 2720 opponunt,
812 2639 896 2720 quod
931 2658 990 2704 non
1022 2644 1108 2703 recto
1142 2639 1221 2722 pede
1254 2637 1375 2702 incede-

229 2747 299 2807 rent
326 2743 365 2806 ad
393 2744 552 2826 euangelii
579 2746 758 2820 ueritatem,
786 2746 824 2808 ab
853 2745 908 2808 illo
939 2749 1022 2809 certe
1051 2746 1160 2823 Paulo,
1191 2745 1244 2826 qui
1273 2745 1375 2808 adhuc

229 2849 262 2911 in
294 2848 396 2932 gratia
428 2849 527 2925 rudis,
560 2849 721 2930 trepidans
750 2849 894 2932 denique,
921 2871 960 2914 ne
992 2852 1024 2914 in
1054 2870 1190 2915 rracuum
1224 2852 1378 2915 currisset

229 2958 286 3017 aut
309 2959 457 3037 crrrreret,
481 2959 556 3018 tunc
580 2955 718 3037 primum
748 2975 820 3019 cum
845 2958 1098 3021 antecessoribus
1123 2959 1277 3039 apostolis
1302 2978 1375 3022 oon-

229 3061 360 3125 ferebat.
396 3063 495 3145 igitur
527 3063 556 3126 si
585 3063 745 3126 feruenter
782 3063 896 3138 adhuc,
931 3068 967 3127 ut·
999 3063 1187 3146 neophytae,
1221 3065 1373 3128 aduersus

183 3191 210 3229 es
229 3167 425 3230 Iudaismum
437 3168 558 3249 aliquid
570 3169 601 3231 in
618 3169 858 3232 conuersatione
869 3169 1157 3251 reprehendendum
1171 3170 1375 3246 existimauit,

228 3273 394 3354 passiuunr
422 3274 547 3345 scilicet
572 3274 769 3356 (uindicare)
797 3275 989 3350 conuictum,
1014 3277 1219 3356 postmodum
1248 3278 1375 3358 etipse

229 3398 290 3443 usu
328 3382 475 3444 omnibus
513 3383 619 3444 omnia
649 3382 787 3457 futurus,
820 3387 859 3445 ut
891 3401 999 3445 omnes
1031 3383 1215 3460 lucraretur,
1248 3383 1375 3447 ludaeis

229 3487 320 3567 qnasi
352 3487 490 3553 Iudaeus
527 3493 558 3552 et
591 3489 647 3559 eis.
682 3489 736 3569 qni
765 3488 824 3552 sub
858 3490 937 3571 lege.
967 3494 1128 3571 tamquam
1162 3491 1192 3553 in
1226 3492 1306 3574 lege,
1339 3495 1375 3553 tn

228 3594 317 3657 illam
346 3595 446 3658 solius
476 3595 738 3660 conuersationis
767 3597 941 3676 placiturae
970 3601 1081 3678 postea
1104 3598 1280 3661 accusatori
1305 3615 1373 3674 sue,

183 3702 504 3782 comprehensionem
533 3708 715 3784 suspectam
742 3703 793 3766 uis
823 3702 927 3766 haberi
953 3703 1047 3766 etiam
1072 3703 1109 3766 de
1134 3703 1376 3784 praedicationis

319 3841 363 3908 19]
384 3839 417 3894 cf.
437 3841 497 3896 Gal.
516 3843 541 3898 2.
561 3843 586 3895 9.
641 3844 687 3910 201
709 3843 741 3896 cl.
762 3843 821 3899 Gal.
841 3845 865 3905 2,
888 3844 928 3896 14.
980 3841 1228 3910 attenuatas.
1278 3844 1373 3911 2llcf.

228 3927 292 4033 (dall.¹
307 3930 332 3988 2.
354 3930 466 3983 11-14.
521 3933 567 4000 26]
589 3931 622 3984 cf.
641 3931 655 3983 Ι
675 3930 734 3987 Cor.
754 3934 778 3999 9,
798 3933 841 3987 22,
863 3933 904 3989 20.

263 4045 390 4098 Slaeaanr
403 4045 437 4097 a!
446 4046 596 4110 (iluddm.
607 4051 632 4110 1)
684 4048 870 4101 inconcussam
881 4048 1155 4116 R,inconclusam1ll
1195 4014 1373 4103 ldrecuhrsse

227 4134 264 4186 Μ
279 4140 304 4202 (r
316 4151 337 4188 a.
353 4153 380 4188 u.
396 4153 414 4188 u
428 4153 461 4193 m.
475 4140 500 4203 1)
549 4138 580 4190 18
599 4138 650 4189 tibi
670 4138 776 4191 scilicet
790 4139 831 4198 M,
851 4137 955 4190 scilicet
973 4139 1025 4190 tihi
1045 4137 1120 4204 12³6,
1141 4155 1190 4191 eac.
1211 4138 1316 4191 scilicet
1335 4138 1372 4191 R¹

227 4224 262 4277 22
286 4223 474 4286 cerussam,
498 4226 660 4278 cucurrisset
682 4225 710 4279 R
765 4227 799 4278 26
823 4226 965 4285 uindicans
988 4227 1128 4295 applorat
1150 4243 1204 4280 uua
1229 4227 1276 4280 der
1304 4227 1374 4280 l'h'ct

227 4313 262 4366 30
280 4318 433 4382 suspectam
453 4313 535 4380 MR³,
554 4319 706 4384 susceptam
725 4315 765 4369 12¹
