3250 4959
499 368 520 421 1.
540 368 587 423 De
605 368 778 441 patientia
797 368 912 424 10-11.
1239 372 1281 438 17

129 566 198 631 lata
229 569 325 649 atque
361 566 476 632 diffusa
513 572 561 633 est
598 568 738 649 operatio
780 566 857 632 mali
897 564 1091 650 multiplicia
1131 564 1280 649 aspidum

130 672 352 739 incitamentu-
377 673 557 753 iaculantis,
591 677 626 740 et
659 672 754 739 modo
788 673 922 757 paruula
952 672 1048 738 ruodo
1074 672 1220 739 maxima
1253 673 1282 737 si

131 782 268 864 paruula
299 780 337 845 de
370 800 430 845 sua
459 779 679 849 mediocritate
716 784 911 857 contemnas,
947 779 1095 846 maximis
1130 798 1186 864 pro
1224 798 1284 845 sus

132 886 339 969 exuperantia
375 886 478 954 oedus.
516 887 571 953 ubi
608 888 712 953 minor
745 886 871 966 iniuria,
908 886 955 951 ibi
986 885 1075 951 nullu
1106 886 1283 952 necessitas

99 992 362 1075 simpatientiao.
401 998 435 1060 ut
464 995 520 1061 ubi
551 994 653 1065 maior
682 994 809 1073 iniuria,
846 993 894 1059 iti
924 993 1120 1059 necessarior
1150 992 1284 1059 iniuriae

133 1099 269 1178 medela,
300 1100 463 1185 patientia.
502 1106 662 1167 certemus
693 1102 794 1187 igitur
826 1119 907 1184 quae
939 1101 1069 1167 amalo
1095 1099 1285 1187 infliguntur

132 1208 303 1287 sustinere,
327 1211 365 1271 ut
382 1207 486 1273 hostis
509 1207 653 1277 studium
677 1207 851 1274 aemulatio
873 1210 1001 1273 nostras
1024 1206 1284 1289 usquunimitutis

133 1312 253 1379 eludat
285 1312 314 1378 si
345 1332 421 1379 uero
455 1312 610 1398 quaedum
642 1314 706 1397 ipsi
737 1315 769 1377 in
802 1332 861 1379 nos
894 1319 951 1379 aut
981 1313 1198 1397 imprudentia
1229 1316 1286 1377 aut

133 1424 250 1502 sponte
282 1419 378 1485 etiam
411 1420 666 1505 superducimus,
699 1440 799 1503 aeque
830 1420 990 1504 patienter
1021 1420 1175 1485 obeamus
1204 1436 1286 1501 quae

89 1542 116 1585 ιο
134 1526 231 1590 nobis
252 1524 460 1610 imputamus.
485 1526 599 1609 quodsi
623 1546 642 1591 a
665 1527 794 1595 domiuo
816 1528 969 1592 nonnulla
991 1526 1151 1593 oredimus
1173 1525 1285 1606 incuti,

134 1630 188 1697 oui
213 1630 315 1717 magis
339 1632 527 1716 patientiam
546 1652 642 1717 quam
661 1634 789 1700 domiuo
807 1633 1040 1715 praebeamus?
1063 1632 1138 1716 quin
1156 1632 1288 1715 insuper

135 1738 291 1823 gratulari
322 1736 368 1827 [et
398 1738 549 1828 gaudere]
580 1758 638 1807 uoe
671 1740 764 1805 docet
791 1739 973 1824 dignatione
1000 1739 1128 1805 diuinae
1151 1738 1286 1823 usstigu-

135 1845 246 1911 tionis.
271 1864 354 1931 ego,
376 1846 492 1929 inquit,
516 1864 617 1931 quos
642 1846 774 1931 diligo
799 1846 972 1929 castigo.
998 1865 1017 1913 o
1040 1864 1168 1912 seruum
1191 1845 1286 1911 illum

137 1954 278 2029 beatum,
319 1952 411 2018 cuius
449 1953 662 2023 emendationi
700 1952 848 2019 dominus
889 1954 1000 2029 instat,
1042 1952 1095 2018 oui
1136 1952 1288 2037 dignatur

93 2080 117 2118 u
136 2060 245 2139 irasci,
277 2078 372 2141 quem
399 2059 587 2125 admonendi
616 2060 873 2126 dissimulatione
895 2079 956 2126 non
981 2060 1114 2142 decipit!
1146 2058 1287 2142 undique

137 2167 240 2251 igitur
266 2166 412 2234 adstricti
439 2186 551 2233 sumum
581 2166 686 2233 officio
713 2168 887 2251 patientiae
917 2165 1196 2243 administrandus,
1226 2184 1289 2247 qua

137 2290 242 2356 aequa
272 2292 309 2337 ex
340 2278 429 2356 parte
460 2279 517 2339 aut
549 2274 707 2340 erroribus
736 2272 854 2339 nostris
882 2276 939 2337 aut
969 2273 1046 2338 muli
1074 2272 1200 2337 insidiis
1232 2275 1290 2336 aut

137 2378 409 2445 admonitionibus
456 2379 574 2446 domiui
619 2380 859 2446 interusuimus.
911 2379 980 2445 eius
1028 2378 1124 2445 officii
1170 2396 1289 2461 magna

136 2494 272 2563 meroes,
304 2484 442 2551 {elicitae
479 2486 613 2553 scilicet.
656 2506 735 2569 quos
773 2488 858 2553 enim
894 2487 1005 2552 felices
1041 2486 1189 2551 dominus
1227 2483 1289 2548 nisi

92 2592 299 2678 :spatientes
330 2594 529 2678 nuncupauit
559 2592 707 2659 dicendo:
744 2592 855 2661 beuti
893 2611 1090 2677 pauperes
1124 2590 1289 2676 spiritu,

135 2700 308 2767 illorum
346 2704 410 2765 est
446 2700 549 2767 enim
586 2720 752 2788 regnum
797 2700 1027 2767 caelorum?
1066 2700 1175 2764 nullus
1217 2714 1288 2782 pro-

136 2808 225 2875 lecto
258 2806 372 2890 spiritu
406 2825 527 2891 pauper
557 2808 620 2873 uisi
651 2808 794 2873 humilis.
829 2808 902 2890 quis
930 2811 1037 2872 autem
1066 2804 1199 2871 humilis
1226 2803 1289 2868 nisi

136 2916 286 3000 patiens?
314 2915 389 2998 quia
412 2934 504 2979 nemo
528 2915 674 2980 subicere
698 2934 769 2979 sose
792 2918 899 3001 potest
922 2916 991 2981 sine
1013 2914 1115 2999 primu
1136 2910 1291 2999 patientis

139 3020 351 3089 subiectionis
365 3021 475 3105 ipsius.
499 3020 623 3101 beati,
642 3021 757 3107 inquit,
778 3021 931 3087 flentes
951 3026 1073 3105 utqus
1090 3019 1288 3103 lugentes.

91 3144 119 3186 τε
139 3128 215 3213 quis
242 3126 321 3196 teliu
347 3130 415 3195 sine
438 3128 591 3212 patientia
604 3120 750 3193 'tolerati
782 3128 891 3213 itaque
922 3128 1041 3195 talibus
1065 3130 1099 3195 et
1121 3125 1289 3193 aduocatio

139 3242 175 3303 et
207 3242 291 3303 usus
323 3236 531 3325 promittitur.
563 3236 675 3303 beati
708 3235 840 3303 mites.
878 3234 938 3303 hoc
971 3234 1098 3319 quidem
1132 3231 1289 3303 uocabulo

139 3343 346 3425 impatientes
376 3362 438 3409 non
470 3344 546 3409 licet
582 3343 710 3411 omnino
748 3342 880 3409 censeri.
915 3340 995 3407 item
1031 3359 1104 3405 cum
1141 3337 1290 3423 puoifioos

235 3532 279 3603 rs]
294 3534 473 3603 spossus.
508 3532 745 3603 represents.
781 3532 828 3601 24}
840 3532 940 3587 usse.
955 3532 981 3601 s,
990 3532 1017 3589 4.
1054 3530 1213 3601 ecrousen.
1228 3527 1290 3597 ss.

181 3640 194 3694 1
216 3642 259 3693 sat
276 3654 328 3696 ossa
346 3638 378 3694 N
439 3638 563 3711 aspidum
581 3638 654 3711 Bmp
671 3641 718 3708 (cs.
733 3656 763 3709 p.
781 3640 902 3704 60218
917 3642 996 3708 app),
1014 3638 1127 3707 spiritus
1146 3632 1292 3690 susm

141 3728 336 3799 2siscn'pss':
356 3728 543 3785 sedPHNF
602 3726 991 3797 denuberuntisPdrcxp
1011 3722 1177 3793 om.1)1·'
1243 3720 1291 3776 ubi

141 3816 221 3873 nulls
238 3816 270 3871 F
320 3818 490 3888 dpatientia
507 3816 555 3886 lt1,
574 3818 724 3888 patientiae
742 3814 903 3871 PMNFR'
965 3816 981 3870 8
1000 3816 1029 3869 in
1046 3812 1247 3883 imprudentiae
1263 3809 1292 3866 F

143 3908 176 3963 11
198 3908 245 3979 qni
262 3908 376 3976 insuper
391 3906 424 3961 N
458 3907 492 3962 12
511 3910 540 3961 et
558 3906 676 3977 gaudere
693 3905 792 3961 seclusi
810 3909 854 3972 (sc
870 3906 1142 3974 interpretamus
1159 3898 1293 3956 uocabuls'

142 3996 288 4068 gratulari)
362 3994 395 4050 13
414 4012 482 4067 quos
501 4012 560 4066 ego,
579 3995 678 4066 iuquit,
698 3994 784 4063 diligo
802 3992 834 4047 F
908 4009 977 4064 quos
995 4008 1046 4047 om.
1065 3990 1102 4045 M
1118 3990 1195 4059 (add.
1213 4006 1248 4043 su.
1267 3990 1292 4054 1)

143 4087 177 4140 16
196 4102 252 4157 qus
269 4098 360 4154 usqua
375 4084 488 4154 scripsi:
505 4082 569 4153 qnia
589 4100 642 4154 qus
656 4082 782 4151 PMNF,
801 4098 911 4153 quaqua
933 4080 987 4137 Urs
1042 4082 1073 4135 17
1094 4084 1142 4135 sut
1158 4076 1291 4151 (tertium

142 4176 193 4231 del.
213 4174 291 4243 deal,
309 4186 388 4243 quom
405 4173 529 4242 septum
551 4172 689 4240 Ostienses,
707 4172 756 4227 sed
773 4174 808 4240 cf.
829 4171 847 4225 l.
867 4174 903 4225 15
980 4170 1014 4225 18
1032 4168 1245 4232 interuenismus
1263 4162 1297 4218 N

141 4267 178 4320 22
195 4264 297 4337 spiritu
317 4262 351 4323 Ρ,
371 4260 483 4331 spiritus
500 4260 596 4315 MNF
666 4265 755 4315 autern
775 4262 889 4329 compsi:
902 4264 972 4314 onim
986 4256 1108 4313 pm

166 4388 304 4434 xxxxvll.
320 4386 381 4427 Tart.
394 4385 437 4426 111.
1240 4360 1258 4413 2
