3250 4959
342 354 466 421 XXIIII
801 353 1021 409 Praefatio.

341 548 544 614 adhibentem
567 548 853 615 animaduertimus
876 548 1086 614 Mesnurtium
1109 548 1143 613 in
1171 548 1319 615 notandis
1344 549 1491 615 codicum

340 656 534 723 lectionibus
558 674 634 721 cura
657 674 815 739 nusquam
840 657 967 721 omnino
991 655 1195 740 significauit,
1218 655 1295 740 quid
1317 675 1355 721 ex
1372 655 1491 722 codicis

341 762 393 829 sni
424 762 486 828 lide
510 762 587 846 quid
611 781 647 827 ex
670 762 852 828 coniectura
879 763 1059 842 nonauerit,
1090 762 1176 845 quod
1207 762 1356 847 equidem
1388 762 1491 847 magis

340 868 486 935 consulto
510 870 549 934 ob
570 888 606 935 oo
625 868 747 933 factum
770 888 866 951 qnam
889 867 1013 933 incuria
1034 867 1189 935 omissum
1214 868 1412 949 crediderim,
1431 868 1492 933 sci-

340 976 418 1041 licet
439 978 478 1041 ut
500 994 537 1041 eo
562 974 714 1041 maiorem
738 977 876 1041 strueret
897 974 1089 1040 coniecturis
1118 975 1187 1041 suis
1213 974 1318 1041 fidem.
1346 994 1384 1041 ea
1406 980 1491 1041 certe

340 1086 391 1149 est
420 1082 579 1147 uenarum
610 1081 783 1173 lectionum
816 1099 898 1165 qnae
929 1080 1015 1164 apud
1045 1081 1139 1147 illum
1166 1082 1199 1147 in
1220 1082 1302 1148 libro
1325 1082 1363 1147 dc
1384 1084 1493 1146 carnis

339 1192 566 1254 resumecltone
597 1188 803 1255 inueniuntur
830 1187 985 1267 condicio,
1013 1192 1052 1253 ut
1072 1208 1148 1271 prae
1175 1208 1270 1255 mann
1300 1189 1490 1273 scriptorum

340 1296 473 1363 testium
504 1295 567 1361 lide
595 1314 704 1362 omnes
731 1296 796 1362 fere
830 1294 1076 1361 contemnendas
1108 1295 1251 1362 duxerim
1275 1299 1309 1361 et
1330 1296 1364 1362 in
1387 1316 1490 1362 emen-

339 1401 442 1467 dando
474 1402 593 1487 ubique
625 1422 643 1467 a
677 1402 853 1469 ldesnortio
888 1401 1086 1485 reliquisque
1120 1402 1289 1486 procedere
1324 1402 1490 1468 maluerim

339 1527 435 1591 quam
458 1527 477 1575 a
501 1508 643 1589 Gelenio,
667 1509 722 1593 qui
745 1514 900 1591 quantum
921 1508 1049 1593 ingenio
1067 1526 1128 1575 sno
1146 1509 1177 1575 in
1195 1509 1403 1575 immutandis
1421 1510 1490 1576 sine

338 1634 437 1681 conse
459 1618 626 1681 auctorum
650 1614 756 1681 uerbis
780 1614 950 1681 indulserit
972 1615 1099 1681 aliunde
1126 1635 1254 1700 quoque
1285 1620 1397 1682 notum
1430 1620 1490 1694 ost,

338 1722 426 1789 sicut
448 1742 485 1788 ex
506 1721 645 1789 Amobio
669 1726 702 1787 ot
718 1722 887 1789 Ammiano
907 1722 1103 1789 Marcellino.
1127 1726 1268 1789 ceterum
1286 1722 1372 1806 apud
1384 1728 1490 1806 poste-

338 1829 439 1895 riores
472 1832 601 1914 propter
628 1830 731 1912 ipsam
754 1829 845 1895 illam
868 1832 970 1895 onem
990 1830 1119 1896 tacendi
1139 1849 1243 1912 usque
1267 1830 1345 1897 adso
1367 1830 1492 1895 inuenit
1593 1865 1594 1926 r

340 1934 445 2014 fidem,
478 1939 516 2001 ut
547 1936 692 2021 neglecto
715 1936 891 2003 Mesnartio
923 1940 957 2001 et
978 1936 1129 2002 Rhenano
1157 1937 1277 2019 ubique
1303 1937 1369 2001 fere
1395 1936 1488 2001 illum
1593 1937 1594 1944 ’

341 2042 445 2107 secuti
468 2042 543 2122 sint,
576 2043 639 2109 uisi
665 2043 751 2128 quod
773 2044 899 2127 aliquot
919 2044 1001 2109 locis
1024 2043 1064 2109 do
1086 2043 1149 2109 lide
1171 2044 1240 2109 sius
1264 2042 1491 2109 dubitauerunt

341 2147 496 2215 Oehlerns
529 2154 562 2216 et
593 2152 719 2234 saepius
752 2152 850 2217 stiam
880 2149 1160 2216 Reifferscheidius
1190 2149 1223 2215 in
1254 2150 1356 2233 primo
1393 2149 1489 2215 huius

340 2255 490 2322 editionis
514 2257 688 2337 uolumine,
712 2276 808 2341 quem
830 2261 938 2322 tamen
961 2257 1036 2339 plus
1055 2276 1156 2339 aequo
1174 2256 1224 2321 illi
1242 2255 1398 2322 confisum
1417 2274 1489 2321 esse

338 2362 418 2429 alibi
440 2363 653 2449 docuimus.¹)
680 2364 918 2447 quodquidam
942 2383 1090 2429 seuerum
1113 2363 1151 2429 de
1175 2362 1307 2430 (telonio
1333 2362 1489 2429 indicium
1594 2395 1595 2434 r

341 2488 414 2536 cum
438 2472 636 2556 comprobari
659 2473 796 2555 nequeat
817 2471 882 2536 nisi
904 2490 941 2535 ex
963 2470 1160 2555 singulorum
1182 2471 1325 2537 locorum
1354 2470 1489 2554 castiga-

338 2577 436 2655 tione,
467 2576 521 2643 hic
552 2578 691 2662 prolerre
722 2580 847 2643 tantum
879 2575 959 2641 mihi
990 2576 1096 2655 liceat,
1129 2576 1387 2658 comprobatione
1418 2575 1488 2641 eius

337 2682 450 2749 relicta
472 2682 699 2768 epilegomonis
721 2682 892 2766 aliquando
915 2680 1057 2747 edendis.

385 2788 474 2870 Quae
499 2793 574 2874 post
597 2788 721 2855 Gelenii
745 2807 835 2854 curas
859 2807 938 2853 anno
959 2789 1045 2853 1562
1064 2787 1184 2871 prodiit
1200 2807 1283 2854 noun
1301 2786 1489 2854 Tertulliani

339 2896 437 2962 editio
454 2916 472 2961 a
489 2895 626 2961 Iacobo
646 2894 812 2960 Pamelio
829 2893 983 2959 instructa
1002 2894 1193 2978 saepiusque
1212 2895 1323 2960 exinde
1340 2897 1486 2979 repetita,
1595 2919 1596 2932 ¹

340 3004 402 3068 etsi
424 3022 485 3069 non
509 3005 575 3067 tom
600 3001 794 3067 emendando
815 3019 910 3083 quam
928 3000 1161 3083 interpretando
1180 3000 1374 3067 Tertulliano
1392 3002 1489 3067 inser·

338 3109 423 3174 uiuit
439 3108 584 3173 Rhenani
601 3106 857 3173 adnotationibus
875 3105 1099 3189 iudicibusque
1118 3110 1152 3172 et
1165 3108 1313 3173 correctis
1327 3111 1362 3173 eb
1374 3109 1488 3185 auctis,

338 3234 400 3281 non
435 3218 542 3280 tamen
577 3214 676 3279 nullia
711 3214 869 3279 instructa
903 3218 971 3277 erat
1006 3213 1099 3279 nouis
1136 3214 1283 3280 codicum
1323 3214 1488 3281 subsidiis.

339 3325 464 3406 praeter
496 3322 579 3387 enim
611 3322 714 3397 illum,
748 3341 843 3405 quem
875 3340 973 3403 supra
998 3321 1161 3387 nominaui
1187 3321 1329 3387 codicem
1360 3321 1488 3387 loannis

341 3428 515 3495 Clementis
543 3429 649 3512 Angli,
682 3430 737 3511 qui
766 3428 869 3511 qualis
898 3427 1198 3493 fue1itnotaeiam
1221 3427 1369 3507 diximus,
1402 3426 1489 3492 Vati·

340 3558 436 3605 canoe
460 3537 614 3622 quosdam
642 3536 768 3604 codices
777 3536 803 3623 ⁸)
835 3537 868 3601 in
891 3554 987 3601 usum
1016 3554 1052 3600 se
1081 3553 1214 3601 necasse
1236 3538 1384 3613 testatur,
1408 3553 1488 3618 quos

386 3814 407 3883 ¹)
430 3814 539 3885 Queat.
558 3814 630 3869 Tert.
645 3814 757 3869 emtione
774 3814 802 3867 in
823 3814 862 3869 eis
882 3830 948 3884 quus
967 3813 1065 3885 scripsi
1084 3811 1118 3867 ad
1136 3812 1221 3867 libros
1241 3812 1274 3867 de
1292 3812 1435 3882 baptismo,
1456 3812 1489 3866 dc

335 3902 486 3973 pudicitia,
506 3902 539 3957 dc
556 3903 660 3957 iconio
679 3903 815 3959 adamus
826 3902 973 3973 prycbo'coe
987 3900 1274 3957 animaduersionibus.

386 3990 407 4057 ²)
429 3992 515 4045 Vnum
535 3990 660 4045 adhibuit
678 3990 712 4045 ad
730 3992 814 4047 libros
834 3992 969 4047 udonem
986 3992 1120 4059 Iudaeos,
1140 3990 1406 4059 depromptiones
1423 3990 1488 4044 locc-

339 4080 493 4146 rcticomm,
522 4080 656 4135 αᾱιιονειιε
683 4097 775 4136 omnee
800 4080 933 4150 Μινυὰς,
962 4081 1098 4136 aduersos
1125 4080 1329 4151 Hermoqencm,
1357 4078 1425 4133 duos
1453 4079 1488 4134 ad

339 4168 424 4224 libros
442 4168 467 4223 V
485 4169 619 4225 adicem
636 4170 819 4238 Marciorum,
842 4174 899 4225 tres
923 4170 958 4225 ad
979 4171 1100 4239 reliquos
1122 4186 1216 4223 ornnes
1240 4168 1359 4239 corporis
1380 4168 1487 4223 Tertul-

339 4258 423 4314 liunei
440 4258 532 4315 libros.
