3250 4959
344 394 408 458 178
572 389 689 456 Quinti
708 389 849 460 Septimi
868 388 1040 444 Florentis
1059 388 1263 443 Tertulliani

341 585 507 671 religionis
534 585 711 651 uanissima
738 588 834 668 atque
858 585 1044 669 turpissima
1071 586 1222 670 figmenta
1250 584 1490 670 configurantes

343 730 386 739 —
414 691 500 758 facili
532 694 553 774 †
586 692 723 758 claritati
756 712 792 757 er
825 691 952 757 diuinae
990 692 1098 775 copiae
1131 691 1306 771 occasione,
1344 692 1418 775 quis
1448 693 1487 756 de

342 799 454 864 multis
477 799 580 863 multa
598 796 762 863 succidere
786 801 836 862 est
855 834 898 844 —
917 797 1080 861 Eleusinia
1098 796 1320 862 Valentiniana
1338 798 1487 875 fecemnt,

343 904 499 969 lenocinio
528 908 647 979 sancta,
676 904 802 969 silentio
831 922 956 988 magna,
986 904 1055 969 sola
1081 904 1298 969 taciturnitate
1330 906 1487 971 caelestia

345 1012 371 1075 si
404 1012 486 1076 bona
517 1010 579 1075 fide
611 1030 755 1094 quaeras,
793 1014 938 1076 concreto
980 1010 1085 1087 uultu,
1128 1029 1282 1094 suspenso
1322 1011 1487 1095 supercilio
1518 1034 1532 1073 s

343 1119 454 1182 ‘altum
491 1120 551 1184 est'
588 1118 686 1183 aiunt.
725 1117 754 1182 si
789 1117 953 1183 subtiliter
988 1120 1136 1199 temptes,
1174 1136 1229 1200 per
1264 1118 1488 1202 ambiguitates

343 1225 503 1309 bilingues
527 1244 726 1291 communem
745 1224 841 1289 tidem
861 1224 1037 1289 adfirmant.
1062 1225 1088 1289 si
1109 1224 1190 1289 scire
1213 1228 1244 1290 te
1268 1224 1487 1300 subostendas,

343 1336 459 1417 negant
481 1334 634 1417 quicquid
657 1336 850 1418 agnoscunt;
875 1333 902 1397 si
927 1333 1070 1397 cominus
1095 1333 1316 1411 contestatus
1340 1331 1488 1413 simplici·

343 1445 408 1505 tate
437 1460 529 1506 suam
557 1440 685 1505 caedem
709 1439 906 1523 dispergunt.
938 1458 977 1504 ne
1006 1438 1172 1523 discipulis
1201 1438 1328 1522 quidem
1356 1438 1488 1522 propriis

344 1551 416 1612 ante
444 1547 660 1624 committunt,
689 1565 784 1629 quam
814 1566 889 1611 suos
918 1546 1059 1610 fecerint.
1085 1544 1203 1611 babent
1224 1544 1405 1624 artificium,
1429 1562 1488 1627 quo
1510 1570 1533 1609 o

343 1656 431 1737 prius
468 1654 678 1737 persuadeant
714 1672 809 1736 quam
848 1653 1009 1719 edoceant.
1048 1654 1167 1718 ueritas
1205 1656 1312 1718 autem
1351 1651 1489 1717 docendo

344 1761 524 1842 persuadet,
548 1780 610 1826 non
634 1760 795 1825 suadendo
821 1760 921 1825 docet

389 1868 421 1931 2.
445 1866 585 1948 Ideoque
613 1866 775 1948 simplices
804 1870 952 1931 notamur
980 1864 1064 1947 apud
1091 1864 1177 1941 illos,
1204 1868 1242 1930 ut
1267 1864 1329 1930 boc
1355 1868 1488 1941 tanturn,

343 1993 405 2038 non
429 1974 524 2038 etiam
548 1974 723 2056 sapientes;
748 1972 839 2055 quasi
864 1972 975 2037 statim
997 1972 1130 2037 deficere
1154 1976 1286 2057 cogatur
1304 1990 1322 2036 a
1341 1971 1489 2055 simplici·

343 2085 409 2145 tate
433 2081 599 2164 sapientia,
619 2080 744 2145 domino
764 2084 932 2163 utramque
951 2081 1117 2164 iungente:
1138 2082 1262 2144 estote
1284 2079 1488 2161 prudentes
1507 2102 1530 2143 n

344 2192 386 2252 ut
411 2192 610 2271 serpentes
635 2190 671 2251 et
694 2187 889 2269 simplices
913 2190 955 2251 ut
978 2184 1182 2252 columbae.
1212 2190 1267 2250 ant
1291 2186 1318 2251 si
1342 2205 1400 2251 nos
1423 2204 1490 2269 pro·

344 2298 452 2377 pterea
477 2293 674 2375 insipientes,
699 2294 773 2377 quia
797 2294 969 2376 simplices,
993 2313 1068 2358 num
1094 2312 1167 2377 ergo
1193 2297 1225 2357 et
1250 2292 1298 2356 illi
1326 2294 1491 2376 propterea

344 2420 404 2466 non
439 2400 611 2483 simplices,
646 2400 720 2483 quia
752 2400 933 2483 sapientes?
967 2398 1184 2464 nocentissimi
1212 2402 1319 2463 autem
1348 2400 1403 2482 qui
1430 2418 1490 2462 non

344 2508 517 2591 simplices,
541 2508 627 2571 sicut
649 2507 835 2573 stultissimi
859 2508 913 2591 qui
932 2526 991 2571 non
1012 2508 1182 2591 sapientes.
1208 2510 1239 2571 ct
1258 2509 1363 2571 tamen
1383 2505 1490 2569 malim

343 2634 448 2679 meam
482 2618 604 2698 pentem
636 2614 760 2678 meliori
792 2615 877 2679 sumi
911 2614 1001 2690 uitio,
1034 2614 1062 2679 si
1092 2614 1185 2679 forle:
1213 2616 1354 2695 praestat
1385 2612 1531 2677 minnan

345 2740 454 2805 sapere
492 2740 585 2802 quarn
623 2721 725 2805 peius,
764 2740 866 2785 errare
899 2740 994 2803 quam
1031 2719 1149 2784 fallere.
1185 2737 1276 2802 porro
1308 2718 1407 2783 iacies
1441 2717 1492 2782 dei

345 2831 507 2911 spectatur
542 2828 575 2892 in
612 2828 820 2909 simplicitate
853 2826 1033 2909 quaerendi.
1066 2830 1104 2890 nt
1136 2825 1229 2891 docet
1258 2826 1329 2908 ipsa
1361 2823 1491 2907 Sophia,
1600 2828 1601 2877 l

344 2955 405 2999 non
435 2934 563 3017 quidem
590 2933 762 3013 Valentini,
791 2934 848 2998 sed
877 2932 1066 2999 Solomonis.
1095 2931 1207 2996 deinde
1233 2932 1370 2996 infantes
1401 2930 1493 2995 testi-

436 3197 481 3265 rs]
500 3196 598 3250 uach.
620 3196 661 3263 ro,
683 3197 725 3251 1c.
780 3197 826 3265 21]
848 3195 881 3251 ar.
902 3196 965 3265 sap.
987 3195 1010 3254 r.
1032 3197 1054 3248 1.

381 3390 396 3442 2
413 3390 592 3457 parenthesin
603 3390 731 3443 indicaui
785 3390 952 3443 liberalitate
966 3390 1041 3457 fort,
1057 3388 1196 3442 celeritate
1210 3386 1275 3455 Eup
1323 3386 1340 3441 3
1355 3385 1493 3441 succidere

345 3480 416 3549 Rip:
436 3478 579 3532 succedere
601 3479 692 3531 PMF
779 3478 919 3531 Eleusinis
937 3478 1007 3547 Rip.-
1025 3478 1192 3531 elensinians
1214 3475 1306 3529 PMF
1393 3476 1491 3529 Valen-

344 3569 443 3621 tiniani
470 3568 528 3636 Rip
589 3568 606 3620 4
634 3568 769 3621 lenocinio
797 3568 906 3635 scripsi:
934 3567 1070 3621 lenocinia
1096 3565 1188 3619 PMF
1256 3582 1357 3634 magna
1382 3564 1491 3633 scripsi:

344 3674 443 3727 magno
462 3655 553 3709 PMF
604 3658 620 3709 6
639 3656 792 3709 substiliter
809 3656 870 3709 PM
924 3656 940 3708 7
959 3655 1139 3709 subostendas
1158 3654 1221 3723 FR,
1240 3654 1415 3709 subostentss
1432 3650 1495 3707 PM

347 3753 426 3804 (corr.
444 3762 479 3798 m.
494 3750 520 3807 1>
573 3746 590 3799 8
609 3748 695 3799 certes
713 3745 790 3798 fatua
808 3744 985 3814 simplicitate
1004 3744 1113 3813 scripsi:
1133 3748 1206 3797 certe
1224 3745 1343 3797 statuam
1363 3741 1492 3812 simplici·

345 3844 430 3887 tatem
453 3833 590 3901 PMFR¹,
615 3838 701 3887 certes
723 3837 798 3887 tuam
824 3833 1026 3903 simplicitatem
1050 3833 1098 3901 R³,
1120 3836 1206 3887 certes
1229 3832 1334 3886 fatuam
1362 3830 1491 3900 simpliei-

344 3928 431 3975 tatem
454 3922 511 3992 Rip
563 3924 580 3975 9
608 3940 684 3975 suam
713 3922 822 3976 caedem
850 3922 959 3990 scripsi:
988 3938 1037 3976 sua
1065 3922 1147 3975 caede
1173 3920 1265 3975 PMF
1317 3922 1351 3975 14
1379 3919 1492 3973 deficere

346 4021 460 4078 cogatur
485 4011 532 4073 12³,
560 4010 678 4080 deligare
707 4013 815 4079 cogitur
836 4010 964 4065 ΡΜΙνἸίι
1020 4011 1055 4065 20
1083 4026 1170 4064 meam
1194 4008 1290 4073 PMF,
1318 4008 1345 4061 in
1375 4024 1433 4062 eam
1456 4006 1491 4066 Β,

347 4116 404 4152 eam
418 4099 546 4154 oeazena
600 4101 679 4156 uitio.
699 4102 721 4153 si
736 4105 819 4153 forte:
836 4106 957 4170 praestat
966 4100 1044 4171 Eup:
1057 4100 1135 4166 uitio,
1151 4100 1174 4152 si
1188 4100 1258 4153 torte
1273 4100 1395 4168 praestat
1409 4096 1491 4165 uulgo

346 4188 380 4240 ‘22
391 4192 530 4257 spectatur
539 4188 616 4255 Eup:
626 4192 751 4257 expectat
760 4188 856 4248 ΡΜΡ,
868 4194 1026 4257 expectatur
1038 4187 1175 4254 Oeblersca,
1186 4189 1293 4256 spectat
1301 4184 1357 4255 Rip
1411 4200 1491 4254 quse·

345 4281 436 4330 rentes
455 4276 526 4329 Pam
582 4278 615 4331 23
636 4278 786 4330 Salomonis
805 4277 927 4347 Ruulpo
