3250 4959
392 445 428 501 ll.
448 447 494 501 De
513 445 628 502 Carnis
648 448 906 504 Resurrectione
926 451 1041 506 60-63.
1230 455 1293 516 123

140 642 300 726 pudendis
324 641 447 708 licebit.
472 644 680 728 quadraginta
704 645 817 710 diebus
836 645 964 728 Moyses
990 648 1021 710 et
1039 645 1152 710 Helias
1175 646 1294 710 ieiunio

140 749 244 814 functi
272 751 340 816 solo
370 751 427 814 deo
458 751 630 816 alebantur.
658 751 719 815 iam
749 753 825 816 tuuc
855 752 937 816 enim
968 751 1187 816 dedicabatur:
1219 771 1293 816 non

141 857 177 920 in
207 877 309 938 pane
339 858 456 923 uiuet
487 859 600 923 homo
636 859 703 922 sed
732 859 770 921 in
799 857 861 922 dei
895 858 1027 922 uerbo.
1062 877 1133 923 ecce
1161 859 1292 922 uirtutis

140 963 267 1028 futurae
295 965 490 1030 liniamenta.
519 985 576 1030 uos
606 985 742 1048 quoque,
767 971 804 1028 ut
828 984 1012 1046 possumus,
1043 983 1078 1030 os
1103 965 1173 1029 cibo
1203 965 1293 1029 exbu-

112 1084 265 1148 ⁵sumus3
287 1072 383 1135 etiam
404 1091 511 1136 sexum
528 1092 545 1136 a
560 1072 782 1157 congressione
798 1071 1019 1136 subducimus.
1040 1075 1118 1154 quot
1137 1072 1293 1154 spadones

140 1178 338 1242 uoluntarii?
354 1181 432 1260 quot
446 1178 586 1263 uirgines
601 1178 726 1244 Christo
742 1178 929 1242 maritatae?
945 1181 1022 1259 quot
1036 1178 1162 1243 steriles
1177 1179 1292 1243 utrius-

142 1301 200 1364 que
220 1285 352 1348 naturae
371 1283 580 1350 infructuosis
601 1286 794 1368 genitalibus
815 1287 949 1350 structi?
969 1304 1040 1375 nam
1061 1285 1088 1350 si
1108 1290 1140 1349 et
1158 1285 1210 1349 hie
1228 1286 1292 1349 iam

140 1407 254 1454 uacare
289 1394 339 1454 ost
371 1395 403 1454 et
435 1391 538 1456 officia
567 1397 599 1456 et
633 1394 849 1456 emolumenta
881 1393 1094 1456 membrorum
1126 1392 1292 1475 temporali

142 1497 320 1574 uacatione,
340 1501 377 1561 ut
394 1499 426 1562 in
446 1499 612 1581 temporali
634 1497 853 1580 dispositione,
874 1517 930 1561 nec
945 1498 1040 1562 homo
1059 1500 1166 1562 tamen
1186 1499 1292 1561 minus

102 1617 124 1655 1⁰
142 1603 252 1668 saluus
278 1606 337 1682 est,
362 1604 493 1685 proinde
523 1605 651 1669 homine
682 1605 781 1682 saluo,
807 1609 840 1669 et
868 1604 996 1686 quidem
1019 1605 1124 1688 magis
1151 1608 1227 1668 tune
1255 1609 1293 1668 ut

141 1709 171 1772 in
199 1714 328 1775 aeterna
355 1711 572 1794 dispositione,
606 1711 707 1794 magis
737 1731 797 1776 non
832 1710 1082 1776 desiderabimus
1116 1729 1195 1792 quae
1227 1713 1291 1774 iam

141 1815 277 1881 hicnon
303 1817 479 1882 desiderare
505 1819 741 1882 consueuimus.

186 1923 238 1987 62.
284 1921 346 1987 Sed
386 1923 461 1988 hoio
499 1924 722 2006 disceptationi
759 1923 851 1988 linem
888 1924 1045 1988 dominica
1076 1924 1290 2005 pronuntiatio

143 2029 293 2110 imponit:
319 2033 445 2106 eruut,
469 2031 582 2113 iuquit,
605 2035 802 2112 tamquam
829 2051 873 2094 au
883 2031 976 2114 geli.
1002 2033 1027 2094 si
1053 2030 1290 2109 connubendo,

106 2149 127 2188 1⁵
145 2133 214 2214 quia
232 2155 292 2200 neo
311 2136 483 2214 moriendo,
504 2137 616 2218 utique
632 2155 688 2200 nec
706 2137 762 2200 ulli
779 2137 878 2200 simili
897 2137 1081 2202 necessitati
1100 2135 1291 2201 succidendo

145 2242 313 2324 corporalis
334 2243 537 2322 condicionis,
557 2244 631 2324 quia
651 2247 683 2308 et
702 2242 805 2326 angeli
821 2243 990 2325 aliquando
1011 2247 1172 2325 tamquam
1191 2243 1291 2307 honri·

146 2365 197 2410 nes
221 2349 360 2425 fuerunt,
385 2349 505 2413 edendo
531 2354 563 2413 et
586 2349 722 2413 bibendo
749 2354 780 2412 et
807 2349 904 2432 pedes
932 2350 1059 2414 lauacro
1087 2349 1290 2433 porrigend03

149 2453 311 2519 humanam
342 2455 425 2519 enim
454 2456 621 2520 induerant
652 2455 851 2537 superficiem
883 2456 972 2520 salua
1002 2457 1088 2520 intus
1114 2457 1292 2522 substantia

148 2561 276 2643 propria.
306 2561 405 2645 igitur
434 2561 461 2625 si
490 2563 605 2645 augeli,
633 2562 710 2626 lacti
738 2565 901 2644 tamquam
927 2563 1089 2635 homines,
1124 2563 1153 2626 in
1182 2562 1290 2627 eadem

113 2681 133 2720 20
149 2667 324 2732 substantia
343 2669 473 2752 spiritus
494 2669 649 2732 carnalem
670 2669 891 2733 tractationem
912 2673 1131 2751 susceperunt,
1156 2687 1212 2732 cur
1230 2687 1291 2731 non

151 2777 178 2836 et
199 2775 352 2856 homiues,
375 2775 451 2840 laeti
474 2779 636 2857 tamquam
663 2776 776 2858 angeli,
801 2776 833 2839 in
857 2776 966 2840 eadem
987 2776 1167 2840 substantia
1187 2775 1290 2839 carnis

150 2880 317 2960 spiritalem
334 2881 468 2946 subeant
483 2883 745 2965 dispositionem?
765 2901 826 2946 nou
840 2883 943 2967 magis
963 2883 1170 2946 sollemnibus
1190 2881 1290 2945 carnis

152 2986 267 3053 obnoxii
294 2990 352 3053 sub
378 2988 522 3071 angelico
541 2988 725 3052 indumento
746 3007 841 3070 quam
860 2989 964 3072 angeli
989 2996 1064 3052 tunc
1082 2988 1291 3052 sollemnibus

153 3094 275 3175 spiritus
302 3096 360 3160 sub
385 3095 532 3171 humano,
558 3114 614 3160 neo
638 3095 709 3159 ideo
735 3114 795 3158 non
815 3095 1012 3175 permansuri
1035 3097 1065 3159 in
1092 3114 1192 3170 carne,
1217 3095 1292 3176 quia

118 3213 138 3252 a
153 3217 206 3262 ron
228 3205 259 3266 et
282 3202 314 3265 in
340 3201 548 3266 sollemnibus
573 3201 686 3278 caruis,
716 3221 787 3265 cum
812 3220 870 3264 neo
894 3201 999 3284 angeli
1025 3201 1095 3265 ideo
1120 3220 1181 3265 non
1206 3206 1237 3265 et
1259 3202 1290 3264 in

154 3307 257 3386 spiritu
291 3309 530 3390 permanserint,
563 3307 637 3390 quia
669 3327 730 3372 non
769 3309 800 3371 et
836 3308 867 3370 in
905 3307 1112 3372 sollemnibus
1150 3309 1291 3390 spiritus.

156 3410 279 3495 denique
308 3434 369 3478 non
400 3414 492 3478 dixit:
522 3417 639 3488 eruut
667 3413 815 3497 angeli,
839 3432 877 3476 ne
902 3413 1046 3478 homines
1071 3419 1210 3496 negaret,
1235 3414 1290 3476 sed

155 3519 346 3604 tamquam
385 3523 529 3605 angeli,
568 3523 604 3585 ut
641 3521 784 3586 homines
820 3525 1029 3584 conseruaret.
1064 3540 1124 3584 non
1158 3520 1293 3584 abstulit

156 3625 356 3691 substantiam
381 3627 433 3692 cui
457 3627 699 3692 similitudinem
724 3627 885 3690 adtribuit.

123 3742 143 3781 ³⁰
195 3733 241 3800 63.
264 3735 424 3820 Resurget
446 3735 545 3820 igitur
564 3754 645 3812 caro,
671 3735 850 3817 etquidem
876 3735 987 3808 omnis,
1013 3739 1045 3798 et
1064 3732 1191 3816 quidem
1210 3732 1290 3815 ipsa,

237 3873 261 3941 1]
276 3871 310 3926 cf.
326 3871 409 3926 Exod.
421 3873 464 3938 24,
480 3873 522 3928 18.
589 3873 621 3926 cf.
636 3871 677 3926 111
693 3871 758 3940 Reg.
776 3872 818 3931 19,
838 3871 861 3927 8.
919 3871 945 3940 2]
962 3871 1043 3924 Dect.
1060 3871 1085 3926 8.
1101 3871 1125 3923 3.
1144 3869 1178 3924 cl.
1192 3871 1291 3927 Mettb.

159 3957 180 4017 4.
196 3961 219 4012 4.
236 3961 299 4016 Luc.
318 3965 345 4016 4.
364 3965 389 4020 4.
447 3963 490 4031 14]
510 3961 609 4016 llatth.
630 3963 672 4029 22,
692 3963 734 4015 30.
794 3961 837 4029 17]
859 3959 892 4016 cf.
913 3961 981 4014 Gen.
1004 3961 1044 4026 18,
1063 3964 1143 4015 4-8.

189 4065 268 4122 leoli
289 4070 309 4132 (i
329 4085 362 4123 ex
381 4070 406 4134 o)
425 4067 455 4121 F
507 4067 733 4138 3panesol00
803 4068 881 4120 uiuet
895 4067 936 4128 M,
956 4067 1029 4119 uiuit
1047 4065 1103 4119 PF
1150 4065 1291 4121 berieto

164 4150 218 4206 Gal:
235 4157 326 4211 christi
346 4157 437 4211 PMF
497 4159 512 4211 7
531 4175 593 4211 nam
614 4173 664 4211 om.
687 4157 940 4225 Getrigitnrsori.
1014 4153 1167 4209 sietMF
1181 4155 1292 4208 Gel:et

161 4239 219 4293 siP
279 4247 314 4301 25
334 4247 634 4300 camis-sollemnibus
654 4263 704 4299 our.
723 4246 750 4298 P
768 4245 844 4311 (add.
864 4244 891 4298 R
910 4247 941 4297 iu
960 4262 1009 4314 mp.
1034 4261 1066 4298 ex
1084 4244 1291 4312 Hirscupiensa)

162 4325 185 4380 iu
201 4335 289 4400 spirita
304 4335 340 4396 B,
360 4336 457 4404 spiritu
472 4335 563 4388 PMF
614 4335 648 4389 30
668 4341 791 4404 resurget
805 4333 939 4396 PMFru,
959 4337 1078 4404 resurgit
1092 4333 1132 4387 13³
