3250 4959
342 430 406 493 388
567 424 683 490 Quinti
704 424 848 493 Septimi
866 422 1039 477 Florentia
1057 422 1264 475 Tertulliani

344 622 462 686 Christi
477 622 633 707 figurant?
657 640 748 705 pares
765 620 891 702 quidem
906 622 1001 703 atque
1015 619 1196 684 consimiles
1211 621 1338 701 propter
1351 617 1484 683 eundem

343 729 462 792 domini
486 732 703 811 conspectum,
732 729 888 811 quianon
913 728 943 791 in
972 727 1035 790 alia
1061 730 1216 792 uenturus
1239 730 1292 791 ast
1312 726 1423 791 forma.
1450 733 1485 787 ut

343 837 397 919 qui
425 837 553 917 agnosci
583 836 698 901 haheat
725 856 742 899 a
770 836 888 917 quibus
915 836 1023 899 laesus
1052 837 1112 899 est
1145 836 1226 899 alter
1247 839 1356 898 autem
1379 852 1483 896 eorum

343 942 557 1007 circumdatus
586 942 723 1019 coccino,
751 941 942 1005 maledictus
969 944 1002 1004 et
1025 944 1235 1022 consputatus
1258 944 1291 1005 et
1313 940 1484 1003 conuulsns

343 1051 376 1111 et
399 1051 618 1130 compunctus,
638 1067 655 1111 a
672 1048 790 1129 populo
816 1052 902 1110 extra
925 1046 1089 1110 ciuitatem
1113 1044 1310 1110 abiciebatur
1331 1046 1362 1108 in
1387 1043 1484 1126 perdi·
1513 1064 1524 1101 a

342 1154 470 1229 tionem,
488 1153 666 1218 manifestis
685 1157 812 1218 notatus
833 1152 1012 1236 insignibus
1032 1152 1208 1217 dominicae
1223 1152 1395 1234 passionis.
1410 1152 1485 1215 alter

342 1280 417 1325 uero
445 1280 501 1343 pro
530 1260 656 1325 delictis
684 1260 810 1323 oblatus
840 1262 873 1323 ct
899 1258 1119 1324 sacerdotibus
1142 1259 1255 1341 templi
1278 1259 1310 1323 in
1334 1258 1483 1341 pabulum

342 1366 436 1431 datus
473 1366 629 1431 secundae
666 1366 963 1449 repraesentationis
1000 1370 1186 1449 argumenta
1227 1365 1385 1450 signabat,
1427 1384 1484 1447 qua

342 1473 467 1537 delictis
497 1474 642 1538 omnibus
672 1471 803 1556 expiatis
832 1472 1012 1537 sacerdotes
1040 1473 1152 1555 templi
1183 1473 1348 1555 spiritalis,
1379 1472 1413 1535 irl
1440 1481 1484 1535 est

342 1580 504 1655 ccclesiae,
524 1570 700 1643 d'ominicae
719 1579 839 1664 gratiae
858 1580 949 1661 quasi
968 1580 1177 1644 uisceratione
1197 1579 1332 1662 quadarn
1352 1580 1484 1643 frueren-
1500 1598 1522 1637 n

341 1692 403 1763 tur,
423 1686 637 1750 ieiunantibus
653 1686 765 1751 ceteris
782 1705 799 1749 a
814 1686 929 1750 saluta.
951 1686 1051 1769 igitur
1064 1686 1211 1769 quoniam
1231 1687 1353 1769 primus
1372 1686 1483 1749 aduen-

342 1800 394 1857 tus
419 1796 451 1857 et
474 1793 645 1876 plurimum
668 1792 780 1875 figuris
804 1793 992 1857 obscuratus
1021 1796 1055 1856 et
1080 1793 1166 1857 omni
1191 1792 1393 1857 inhonestate
1420 1812 1484 1875 pro·

342 1902 461 1963 stratus
477 1899 656 1975 canebatur,
672 1898 830 1963 socundus
845 1918 921 1964 nero
936 1903 969 1964 et
981 1899 1170 1963 manifestus
1184 1905 1217 1963 ct
1231 1899 1289 1963 deo
1299 1899 1483 1983 condignus,

341 2006 469 2083 idcirco,
500 2024 593 2087 qnam
621 2006 714 2069 facile
739 2010 770 2069 et
792 2006 978 2089 intellegere
1001 2011 1033 2070 et
1056 2006 1181 2071 credere
1204 2010 1385 2090 potuerunt,
1415 2025 1483 2069 cnm

343 2114 445 2178 solum
470 2114 639 2193 intuentes,
667 2112 700 2177 id
725 2118 774 2177 est
797 2113 982 2190 secundum,
1011 2133 1070 2177 non
1093 2114 1241 2179 inmerito
1265 2113 1390 2195 decepti
1413 2119 1483 2177 sunt
1500 2130 1521 2171 a

342 2222 424 2284 circa
452 2220 675 2295 obscuriorem,
709 2224 792 2284 certe
820 2219 1042 2302 indigniorem,
1074 2220 1107 2284 id
1134 2225 1184 2284 est
1211 2220 1360 2302 primum.
1393 2225 1483 2302 atque

341 2329 385 2390 ita
412 2326 443 2389 in
471 2326 657 2390 hodiernum
686 2329 803 2410 negant
834 2328 962 2390 uenisse
992 2325 1152 2391 Christum
1186 2344 1291 2403 suum,
1324 2328 1400 2409 qnia
1427 2346 1482 2391 non

340 2435 370 2497 in
392 2433 588 2497 sublimitate
607 2434 739 2511 uenerit,
760 2432 836 2496 dum
856 2434 1002 2517 ignorant
1020 2434 1116 2497 ctiam
1135 2434 1166 2498 in
1186 2433 1369 2498 humilitate
1388 2434 1483 2498 inisse

341 2542 521 2603 uenturum.

386 2648 416 2710 8.
441 2647 574 2710 Desinat
601 2665 682 2709 nnnc
706 2646 885 2711 haereticus
909 2666 928 2710 a
950 2647 1079 2723 Iudaeo,
1107 2648 1204 2730 aspis,
1233 2647 1317 2731 qnod
1340 2648 1440 2712 aiunt.
1466 2664 1521 2708 aa

341 2754 461 2834 uipera,
493 2752 633 2816 mutuari
660 2772 829 2830 uenenum,
863 2758 991 2818 euomat
1017 2755 1080 2818 iam
1112 2754 1186 2818 hinc
1217 2756 1337 2838 proprii
1369 2754 1483 2839 ingenii

340 2860 439 2933 nirus,
472 2859 660 2940 phantasma
691 2860 856 2923 uindicans
885 2860 1057 2926 Christum.
1090 2860 1152 2926 nisi
1184 2861 1269 2943 qnod
1301 2865 1334 2925 et
1365 2862 1398 2924 in
1425 2862 1483 2923 ista

341 2965 496 3029 sententia
511 2964 589 3029 alios
605 2965 735 3029 habehit
749 2968 905 3042 auctores,
924 2986 1092 3049 praecoces
1107 2972 1138 3031 et
1152 2968 1315 3032 abortiuos
1336 2967 1482 3050 quodam·

340 3070 433 3135 nrodo
462 3071 676 3149 Marcionitas,
705 3091 784 3154 qnos
813 3074 978 3155 apostolus
1005 3074 1160 3138 Iohannes
1188 3074 1395 3139 antichristos
1418 3092 1483 3157 pro·

341 3179 508 3255 nuntiauit,
533 3184 684 3263 negantes
710 3178 871 3243 Christum
895 3181 927 3244 in
951 3200 1042 3245 carne
1065 3181 1202 3256 uenisse,
1230 3184 1263 3245 et
1284 3184 1392 3245 tamen
1415 3200 1483 3246 non.
1499 3198 1522 3237 a

341 3290 376 3348 ut
390 3286 521 3349 alterins
537 3286 588 3349 dei
607 3285 657 3349 ius
677 3286 917 3356 constituerent,
937 3288 1011 3368 qnia
1029 3292 1061 3351 et
1080 3287 1118 3351 de
1136 3288 1199 3353 isto
1218 3288 1319 3352 notati
1337 3288 1482 3354 fuissent.

341 3393 396 3455 secl
425 3392 571 3474 qnoniam
601 3392 784 3457 incredibile
817 3400 1095 3476 praesumpserant
1126 3396 1222 3459 deum
1254 3414 1392 3461 carnem.
1424 3414 1482 3477 qno

341 3500 441 3583 magis
470 3499 677 3563 antichristus
702 3500 842 3564 Marcion
872 3500 933 3564 sibi
962 3520 1031 3565 cam
1057 3502 1164 3584 rapuit
1185 3503 1482 3585 praesumptionem.

340 3608 443 3688 aptior
470 3606 593 3671 scilicet
620 3606 658 3669 acl
687 3607 878 3670 renuendam
902 3608 1095 3689 corporalem
1120 3608 1331 3673 substantiam
1357 3609 1483 3674 Christi.

429 3764 473 3833 24]
495 3763 527 3817 er.
547 3763 559 3817 1
579 3763 638 3816 Ich.
656 3765 682 3829 a,
703 3764 744 3818 rs.
764 3766 808 3818 aa.

375 3872 390 3921 ’2
412 3870 513 3922 domini
527 3868 599 3922 Lot:
618 3870 755 3922 dominum
770 3870 832 3925 Mn
882 3874 983 3939 3<et>
1000 3872 1089 3925 laesus
1107 3879 1157 3928 est.
1177 3890 1246 3927 unus
1265 3874 1374 3943 quidem
1396 3890 1484 3929 eorum

340 3958 410 4009 an
455 3960 668 4025 lconspntatus
686 3958 728 4025 M,
749 3968 895 4029 consputus
913 3960 941 4013 R
1004 3962 1148 4015 conuulsus
1167 3967 1210 4015 est
1229 3962 1300 4015 etF
1343 3964 1484 4017 'loblatns

340 4062 389 4098 orn.
410 4046 440 4097 1³
484 4046 516 4099 10
535 4046 688 4098 fruerentur
707 4047 885 4103 li.'sruentnr
898 4049 935 4101 Μ
979 4050 1012 4103 15
1026 4050 1173 4103 secundum
1189 4053 1257 4120 <qui
1275 4055 1318 4105 est
1335 4053 1365 4104 in
1384 4053 1484 4105 honore

340 4140 366 4185 ct
386 4136 491 4202 glorio>
508 4136 579 4187 Pam
634 4136 667 4187 22
687 4137 715 4188 in
734 4137 788 4189 ista
806 4137 849 4202 M,
868 4138 923 4189 ista
936 4138 1056 4207 Itrtulpo
1109 4141 1144 4193 23
1162 4156 1306 4210 praecoces
1319 4141 1389 4207 ΜΡ,
1410 4158 1484 4210 prae·

341 4240 439 4289 roquos
459 4222 577 4291 Rurclpo
660 4224 797 4277 abortiuos
816 4228 851 4288 R,
871 4226 1010 4279 anorsiuos
1028 4226 1066 4279 M
1125 4230 1160 4283 26
1177 4230 1231 4282 isto
1250 4228 1361 4297 Mrem,
1380 4230 1428 4283 isti
1446 4227 1484 4281 Β*

340 4312 639 4379 2ipraesurnscrantlll
674 4316 985 4381 aspicesunnionemnl
1018 4316 1215 4385 29apertiorF
1264 4317 1487 4372 rennuendamM
