3250 4959
322 418 387 481 480
552 412 669 477 Quinti
690 415 833 483 Septimi
851 415 1021 468 Florentia
1040 415 1245 472 Tertulliani

328 610 413 674 natis
454 610 636 686 mulierum,
680 609 736 674 sed
777 629 839 673 non
879 609 951 674 ideo
995 609 1159 672 subiectus
1198 608 1236 687 ei,
1279 610 1332 692 qni
1373 612 1474 674 minor

325 715 420 780 luerit
448 716 479 779 in
509 735 605 800 regno
635 715 696 792 dei,
727 715 818 798 quasi
851 716 982 780 alterius
1011 716 1055 780 sit
1088 715 1138 781 dei
1171 734 1316 799 regnum,
1348 717 1379 780 in
1411 737 1473 799 quo

324 823 469 888 modicus
495 824 565 905 quis
589 823 690 887 maior
714 823 773 887 erit
787 823 937 900 Iohanne,
961 822 1096 887 alterius
1110 823 1276 896 Iohannes,
1301 824 1355 905 qni
1375 825 1473 887 omni·

324 929 383 992 bus
407 929 488 992 natis
513 930 683 993 mulierum
707 929 807 994 maior
830 930 883 994 sit.
908 930 977 993 siue
1002 930 1085 993 enim
1111 930 1149 993 de
1174 948 1374 1011 quocumque
1397 929 1474 992 dicit

323 1035 447 1100 modico
468 1037 537 1100 siue
552 1036 591 1100 de
611 1036 785 1117 semetipso
805 1055 861 1118 per
879 1036 1106 1112 humilitatem,
1127 1036 1201 1117 quia
1219 1036 1321 1100 minor
1333 1035 1470 1100 Iohanne
1500 1057 1515 1096 s

324 1142 509 1221 habebatur,
539 1143 684 1207 omnibus
714 1143 839 1207 scilicet
861 1145 893 1206 in
918 1143 1126 1208 solitudinem
1151 1143 1412 1206 concurrentibus
1435 1141 1474 1204 ad

324 1248 496 1314 Iohannem
510 1251 618 1330 potius
634 1270 728 1330 quarn
747 1249 785 1313 ad
801 1249 974 1327 Christum,
990 1249 1145 1332 —quid
1166 1248 1313 1313 existis
1332 1249 1472 1313 uidere

325 1356 360 1420 in
395 1357 688 1420 solitudinem?
725 1395 767 1405 -
798 1356 985 1421 tantundem
1010 1359 1076 1421 est:
1101 1357 1235 1420 creatori
1262 1355 1414 1438 competit
1440 1353 1473 1418 et

324 1464 495 1528 Iohannem
512 1463 616 1546 ipsine
632 1483 714 1540 esse,
730 1465 883 1528 maiorem
896 1464 980 1528 natis
999 1464 1183 1540 mulierum,
1199 1466 1232 1527 et
1244 1462 1405 1528 Christum
1420 1463 1471 1526 nel

325 1570 589 1654 quem<oum>quc
607 1571 780 1650 modicum,
794 1571 850 1652 qni
863 1571 964 1634 maior
978 1570 1117 1646 Iohanne
1132 1569 1260 1634 iuturus
1275 1570 1362 1634 sitin
1375 1589 1471 1652 regno
1488 1590 1516 1631 ιο

324 1678 419 1761 <dei,>
433 1713 476 1724 -
492 1697 591 1760 aeque
606 1679 756 1742 creatoris
772 1715 815 1725 -
830 1682 863 1742 et
878 1679 933 1760 qui
947 1678 992 1742 sit
1004 1679 1107 1742 rnaior
1120 1680 1208 1741 tanto
1223 1677 1385 1760 propheta.
1400 1677 1473 1758 quia

324 1803 385 1849 non
404 1783 500 1848 fuerit
520 1785 753 1849 scandalizatus
772 1786 803 1848 in
825 1785 997 1862 Christum,
1018 1785 1103 1866 quod
1122 1789 1200 1849 tunc
1227 1784 1398 1848 Iohannem
1415 1783 1472 1846 mi-

325 1891 405 1955 nuit.
452 1892 597 1956 Diximus
617 1892 655 1956 de
673 1893 808 1956 remissa
821 1896 1033 1974 peccatorum.
1054 1892 1143 1956 illius
1162 1894 1268 1956 autern
1286 1891 1471 1973 peccatricis

325 1999 459 2063 feminae
475 2001 696 2082 argumentum
716 2017 751 2062 eo
767 1998 947 2080 pertinebit,
962 2003 1000 2062 ut
1014 2018 1086 2062 curn
1107 1998 1204 2081 pedes
1220 1998 1338 2063 domini
1352 1999 1472 2063 osculis

325 2107 447 2190 figeret,
470 2105 610 2169 lacrimis
634 2105 810 2181 inundaret,
835 2106 975 2169 crinibus
999 2105 1188 2187 detergeret,
1216 2109 1379 2189 unguento
1403 2123 1471 2187 per·
1489 2123 1514 2162 re
1621 2194 1622 2197 Ἴ

326 2213 466 2288 duceret,
490 2211 586 2276 solidi
609 2213 748 2294 corporis
773 2212 952 2288 ueritatem,
976 2231 1038 2276 non
1061 2213 1249 2293 phantasma
1272 2211 1363 2275 inane
1390 2215 1470 2274 trec·

325 2320 452 2397 tenerit,
477 2323 508 2383 et
531 2323 569 2382 ut
591 2318 776 2402 peccatricis
801 2319 994 2401 paenitentia
1017 2319 1192 2383 secundum
1216 2322 1388 2382 creatorem
1406 2337 1470 2380 me·

325 2425 425 2490 ruerit
447 2426 582 2502 ueniam,
611 2443 800 2508 praeponere
824 2425 954 2489 solitum
980 2425 1144 2490 sacrificio.
1178 2425 1232 2489 sed
1260 2428 1293 2487 et
1315 2425 1343 2487 si
1365 2425 1468 2506 paeni·

283 2560 293 2574 ,
325 2533 443 2596 tentiae
476 2531 628 2596 stimulus
653 2551 687 2596 ex
711 2531 772 2596 fide
804 2532 972 2607 acciderat,
1005 2551 1061 2614 per
1090 2531 1313 2615 paenitentiam
1341 2549 1378 2594 ex
1409 2529 1470 2593 lide

327 2638 501 2702 iustificata
524 2639 562 2702 ab
587 2658 622 2704 eo
647 2639 762 2703 audiit:
792 2639 900 2703 fides
928 2644 999 2703 tua
1026 2643 1060 2703 te
1091 2637 1244 2703 saluam
1270 2637 1383 2714 fecit,
1413 2636 1469 2718 qui
1486 2649 1512 2689 ω

326 2765 383 2826 per·
406 2746 534 2810 Abacuc
556 2747 789 2828 pronuntiarat:
813 2747 951 2810 iustus
976 2765 1019 2810 ex
1041 2744 1126 2810 fide
1149 2765 1221 2809 sua
1242 2745 1366 2809 uiuet

375 2854 424 2916 19.
451 2851 542 2930 Quod
566 2853 684 2918 diuites
710 2851 837 2918 Christo
859 2852 1012 2918 mulieres
1035 2852 1255 2929 adhaerebant,
1278 2870 1358 2934 quae
1381 2855 1414 2913 et
1432 2851 1470 2914 de

327 2959 535 3024 facultatibus
556 2960 623 3024 suis
643 2960 866 3024 ministrabant
884 2959 923 3037 ei,
947 2960 1126 3041 intorques
1146 2963 1179 3024 et
1197 2978 1273 3024 uxor
1294 2959 1379 3042 regis
1401 2977 1470 3040 pro·

329 3066 492 3141 curatoris,
527 3066 565 3130 de
597 3067 762 3150 prophetia
794 3069 854 3129 eet.
887 3067 945 3131 has
978 3066 1061 3130 enim
1089 3066 1224 3130 uocabat
1251 3085 1306 3146 per
1328 3064 1470 3128 Esaiam:

328 3173 523 3238 mulieres
544 3173 710 3250 diuites,
727 3173 938 3257 exsurgite
960 3178 999 3237 et
1021 3172 1161 3236 audite
1180 3190 1317 3236 uocem
1336 3189 1469 3236 meam.
1488 3183 1513 3223 ¹⁵
1621 3250 1622 3253 Ἴ

328 3283 364 3344 nt
393 3279 567 3362 discipules
595 3279 707 3362 primo,
741 3279 854 3343 dehinc
882 3286 919 3343 ut
946 3279 1104 3362 operarias
1129 3282 1162 3343 et
1183 3278 1343 3343 ministras
1368 3283 1471 3341 osten·
1621 3268 1622 3275 '

419 3541 608 3609 aurianae.
649 3541 972 3609 rarcfhueoeo-so.
1015 3540 1338 3609 14—15]cl.an.7,38.
1381 3539 1470 3607 isles.

329 3631 447 3698 oeno.
494 3630 708 3700 tdlhuc.i,t'rd.
756 3630 956 3699 21]Hsb.2,4.
1002 3630 1239 3699 2‘2lci.Luc.8,2.
1281 3629 1470 3697 ‘lblllehm

366 3775 377 3826 1
400 3791 453 3826 non
473 3771 534 3826 ideo
554 3774 687 3841 coniunge
706 3789 765 3825 cnm
784 3773 862 3840 qnasi
882 3773 898 3826 l.
915 3775 934 3824 2
1004 3772 1143 3825 subiectus
1160 3770 1331 3839 Lcopoldos:
1348 3769 1472 3823 subiecto

328 3865 390 3917 MR
458 3866 473 3916 5
498 3863 555 3915 siue
581 3862 613 3916 de
637 3863 783 3929 semetipso
807 3879 856 3930 per
877 3862 1062 3915 humilitatem
1084 3862 1196 3930 scripsi:
1220 3877 1267 3930 per
1288 3858 1472 3912 humilitatem

329 3955 387 4006 sinc
407 3951 439 4005 de
459 3952 604 4020 semetipso
618 3950 681 4004 MR
731 3951 747 4003 8
762 3949 923 4003 tantundem
943 3958 996 4003 est:
1017 3952 1133 4004 creatori
1146 3950 1256 4018 scripsi:
1269 3945 1429 4002 tantundem
1444 3953 1473 3999 et

329 4042 444 4096 creatori
454 4041 515 4096 MR
553 4041 586 4096 10
601 4038 1132 4109 quemcumqueaccipet-quemqnedlll
1168 4040 1200 4092 11
1217 4038 1260 4091 dci
1275 4037 1376 4091 addidi
1427 4051 1471 4088 ae·

330 4148 380 4200 que
401 4131 529 4184 creatoris
543 4131 574 4184 s'n
587 4129 748 4198 parenthesi
757 4129 842 4197 posui
897 4129 961 4196 quia
974 4128 1046 4180 Iun:
1061 4129 1108 4197 qni
1121 4128 1184 4184 MR
1197 4127 1296 4196 reliqui
1332 4127 1365 4180 13
1379 4126 1472 4179 remis·

329 4221 404 4273 sionc
422 4219 461 4273 11¹
523 4221 555 4273 14
575 4222 760 4272 arcunrenturn
778 4216 816 4272 M
867 4216 901 4269 20
921 4217 1069 4269 iustificata
1087 4216 1201 4284 ammai:
1220 4214 1395 4269 iustificatam
1412 4214 1473 4268 ,uls

329 4311 361 4363 21
382 4309 459 4361 uiuet
477 4308 518 4370 M,
539 4308 609 4360 uiuit
628 4307 654 4362 R
709 4307 743 4358 24
764 4305 899 4368 uocabant
918 4305 953 4358 M
971 4310 1148 4370 (corr.m.1)
