3250 4959
299 306 455 375 XXXHH
766 303 988 378 Praefatio.

299 498 690 583 obessemcommoditati
713 518 834 578 eorum,
862 500 915 583 qui
944 501 1017 567 aliia
1045 504 1180 567 utuntur
1203 500 1451 581 editionibus‚a

296 605 503 683 distimtione
532 606 652 679 usitata
681 606 910 673 discedendum
936 626 997 673 non
1026 607 1149 692 putaui,
1177 608 1239 675 nisi
1266 610 1324 675 ubi
1354 611 1451 680 unius

297 698 505 797 eiusdemque
537 713 713 781 sententiae
743 713 889 781 membra
909 751 954 791 e-
976 714 1010 780 id
1043 715 1128 799 quod
1145 735 1193 782 re
1224 734 1301 782 uera
1331 718 1451 785 alicubi

297 820 421 897 iactum
454 822 504 887 ost
537 857 576 867 -
610 840 668 905 per
698 820 762 887 duo
799 821 907 907 capita
942 820 1106 907 disposita,
1135 821 1348 892 inueniebam.
1357 825 1381 908 ¹)
1418 825 1452 893 in

297 930 452 1013 apparatu
485 926 595 993 critico
627 926 814 993 instruendo
845 946 908 994 non
939 928 1089 1013 acquieui
1120 928 1269 996 codicum
1291 931 1452 997 uadentes

298 1034 472 1118 scripturas
497 1034 655 1116 muctare,
679 1033 737 1103 scd
759 1053 855 1099 usum
878 1037 1010 1101 secutus
1032 1036 1129 1120 paulo
1152 1036 1217 1102 iam
1235 1039 1452 1124 uulgationem

298 1141 419 1225 passim
441 1140 563 1207 maarai
586 1144 619 1207 ot
641 1139 903 1207 immutationum
926 1144 1116 1226 argumenta
1138 1161 1234 1227 qnam
1262 1143 1452 1212 breuissime

294 1250 452 1332 concepta
484 1252 517 1313 et
547 1247 692 1313 locorum
725 1247 942 1314 difficiliorem
974 1248 1252 1332 interpretationes
1285 1250 1355 1337 siue
1381 1271 1450 1319 uer

298 1354 417 1433 aiones,
441 1354 475 1419 id
498 1354 583 1439 quod
605 1354 638 1419 in
662 1358 789 1421 auctore
812 1357 879 1419 tam
898 1353 1023 1421 difficili
1040 1375 1103 1421 nou
1122 1356 1191 1448 sine
1215 1376 1312 1425 causa
1329 1358 1451 1425 factum

299 1480 371 1537 esse
394 1461 583 1543 putauerim.

341 1568 515 1652 Reputunti
538 1571 647 1635 antem
671 1586 810 1647 meeum,
834 1571 989 1652 quantum
1011 1569 1137 1635 differat
1159 1570 1238 1637 hacc
1263 1590 1344 1654 qnae
1368 1590 1452 1639 nunc

298 1674 454 1758 impressa
477 1676 527 1740 ost
550 1674 638 1739 tertii
660 1674 758 1741 huius
780 1673 956 1741 uoluminis
975 1676 1117 1744 recensio
1135 1676 1175 1741 ab
1195 1696 1241 1757 ea,
1261 1696 1357 1759 quam
1376 1681 1452 1743 ante

297 1779 357 1845 hos
390 1780 470 1846 duos
504 1798 602 1847 annos
635 1780 879 1865 imprimendam
911 1782 1062 1848 miseram
1085 1781 1315 1864 vindobonam,
1343 1782 1452 1849 auxilii

299 1886 379 1953 mihi
401 1888 492 1953 uenit
514 1887 547 1953 in
570 1888 721 1969 mentem,
743 1906 808 1971 quo
832 1906 885 1953 me
907 1887 1033 1954 adiuuit
1061 1888 1276 1975 Augustus
1308 1890 1449 1975 Engel-

298 1993 450 2059 brooht.
482 1997 521 2060 ut
553 1993 636 2059 enim
669 1996 792 2060 taceam
826 1993 865 2059 de
887 1994 1049 2061 indefessa
1071 1996 1141 2062 eins
1164 1996 1196 2062 in
1218 1997 1359 2082 plagulis
1382 2016 1450 2083 pcr-

297 2099 445 2184 legendis
473 2099 645 2167 sedulitate
673 2103 708 2166 et
735 2099 911 2187 diligentia,
939 2101 1010 2185 ipse
1038 2119 1167 2186 quoque
1193 2122 1250 2188 pro
1280 2122 1339 2169 sua
1360 2108 1450 2188 parte

297 2205 483 2275 recensendi
506 2206 645 2272 auctoris
668 2205 716 2272 ita
738 2208 882 2290 suscepit
903 2208 1080 2293 negotium,
1103 2214 1143 2275 ut
1168 2208 1342 2275 aduersarii
1372 2228 1451 2293 quo·

298 2311 466 2381 dammodo
480 2316 603 2380 teneret
616 2316 734 2399 pantes,
748 2314 781 2381 in
795 2333 1056 2399 unumquemque
1075 2316 1315 2401 quaternionem
1332 2315 1448 2383 litteris

297 2437 424 2485 mecum
456 2420 705 2501 communicans,
738 2440 819 2504 quae
850 2423 1000 2504 probaret
1031 2442 1113 2507 quae
1149 2423 1255 2491 minus
1291 2424 1449 2507 probaret,

297 2525 415 2593 additis
439 2526 559 2611 passim
579 2546 661 2611 qnae
679 2528 760 2594 meis
779 2528 943 2595 inuenisse
961 2528 1023 2596 sibi
1041 2529 1211 2597 uidebatur
1227 2529 1449 2613 probabiliora.

298 2651 360 2715 qna
392 2652 425 2699 re
458 2632 520 2699 etsi
554 2632 650 2719 duplo
681 2635 747 2700 fero
779 2635 859 2700 mihi
891 2636 1069 2721 augebatur
1100 2636 1201 2713 labor,
1234 2656 1351 2723 magno
1375 2655 1448 2703 cum

296 2740 403 2805 fructu
427 2758 500 2805 oum
522 2759 542 2804 a
563 2760 615 2807 mo
639 2740 818 2807 adhibitum
840 2741 954 2807 libenti
976 2746 1132 2827 gratoque
1158 2743 1263 2809 animo
1287 2743 1448 2809 confiteor.

297 2846 414 2912 iterum
442 2847 526 2912 enim
554 2847 734 2931 iterumque
761 2849 938 2934 recogitare
966 2853 1098 2915 coactus
1126 2854 1159 2916 et
1186 2849 1290 2915 animo
1318 2849 1448 2916 uoluere

298 2973 378 3037 quae
404 2953 604 3020 immutanda
630 2973 827 3036 censueram,
855 2956 959 3022 multa
985 2976 1116 3041 prorsus
1144 2956 1322 3023 omittenda
1344 2957 1449 3021 multa

291 3060 475 3127 secundnm
503 3061 592 3127 illius
621 3061 775 3127 iudicium
803 3063 1005 3128 rescribenda
1032 3063 1116 3141 duri,
1145 3082 1203 3129 nec
1230 3082 1300 3131 raro
1324 3063 1449 3139 accidit,

297 3169 335 3231 ut
357 3167 459 3233 denno
483 3186 655 3253 aggressus
679 3188 745 3234 rem
769 3172 803 3235 et
826 3170 1023 3253 corruptelae
1052 3170 1161 3236 sedem
1188 3171 1309 3236 rectius
1334 3188 1448 3255 cogno·

298 3292 419 3339 acerem
442 3278 475 3341 et
496 3275 571 3340 inde
592 3275 750 3343 medelam
773 3276 958 3343 inuenirem.
981 3276 1044 3342 huc
1068 3278 1097 3341 si
1120 3276 1213 3353 addo,
1242 3276 1447 3360 quodetiam

297 3380 330 3445 in
353 3381 549 3447 testimoniis
573 3386 606 3449 et
627 3382 828 3449 inueniendis
846 3388 879 3447 et
896 3385 983 3448 recte
1005 3383 1182 3449 indicandis
1205 3383 1381 3451 utilissima
1398 3400 1448 3447 me

298 3486 425 3552 adiuuit
452 3506 556 3571 opera,
586 3489 665 3554 satis
693 3508 744 3553 me
771 3488 888 3555 habere
914 3493 1004 3574 puto,
1033 3491 1120 3574 quod
1145 3490 1242 3556 huius
1274 3488 1448 3556 uoluminis

297 3592 432 3659 alterum
450 3664 453 3671 ,
474 3612 546 3659 eum
589 3595 748 3661 nominem
785 3594 949 3663 editorem.
990 3634 1033 3644 -
1075 3598 1155 3663 Post
1194 3598 1280 3663 hunc
1320 3596 1447 3661 nomino

298 3700 520 3766 Henricum
546 3702 699 3786 Hcppe
729 3704 821 3769 cuius
855 3704 937 3768 liber
969 3701 1094 3786 Sputum
1120 3704 1188 3769 und
1211 3703 1275 3769 Stil
1296 3703 1350 3769 dea
1374 3704 1448 3768 Ter·

344 3942 364 4012 ¹)
382 3945 448 3999 Sero
467 3962 510 4000 me
528 3947 660 4001 monitum
680 3962 739 4001 esse
763 3946 843 4001 doleo
866 3947 901 4001 ab
925 3950 1011 4002 amico
1030 3947 1197 4015 Monacenni,
1220 3953 1252 4002 ut
1269 3946 1447 4019 paragraphis

297 4032 466 4103 singulorum
484 4035 604 4105 capitum
623 4036 791 4106 marginibus
810 4036 944 4106 appositis
962 4036 1121 4091 inseruirem
1140 4035 1328 4091 commoditati
1346 4052 1447 4095 eorum.

298 4122 345 4193 qui
362 4120 485 4193 Linguae
503 4125 619 4179 Latinae
637 4124 776 4179 Thesauro
800 4124 981 4194 congerendo.
994 4124 1062 4179 daut
1085 4142 1203 4196 operam.
1223 4125 1271 4179 sed
1294 4140 1374 4196 opere
1392 4124 1446 4177 iam

297 4211 485 4283 semiperfecto
504 4214 586 4270 huius
604 4215 644 4269 rei
661 4216 796 4269 rationem
816 4213 918 4268 habere
935 4215 992 4269 iarn
1009 4232 1064 4269 non
1083 4216 1170 4286 potui.
