3250 4959
397 439 457 495 VII.
477 438 645 494 Aduersus
663 439 862 495 Marcionem
881 439 930 497 lib.
944 439 1001 494 1111
1019 441 1136 496 31-63.
1265 443 1332 510 529

180 641 263 700 retro
287 635 448 715 inuitauit,
472 653 552 718 quos
576 653 650 700 cum
673 635 807 699 maxime
828 634 1021 720 adgreditur.
1045 635 1148 700 antei
1167 636 1333 718 defuturo

181 761 235 808 eoa
266 742 389 808 iudicat
421 745 660 824 contempturos
688 743 901 823 uocationem,
934 762 1008 828 ergo
1042 749 1076 810 et
1101 744 1332 810 sublectionem

178 850 250 914 loco
287 867 397 914 eorum
435 867 472 915 ex
504 849 653 936 gentibus
687 849 724 914 de
756 849 865 916 futuro
896 850 1069 933 portendit.
1103 850 1197 933 piane
1227 851 1331 917 adhno

179 954 319 1022 secundo
342 957 498 1020 uenturus
522 959 587 1020 eet:
613 951 662 1041 [nt
685 955 834 1038 gentibue
857 956 1027 1038 praedicet
1054 964 1087 1021 et
1109 953 1152 1043 ei]
1175 960 1332 1023 uenturus

148 1064 231 1127 sest
263 1065 382 1139 autem,
415 1065 505 1145 puto,
537 1081 599 1127 non
628 1063 720 1144 quasi
748 1065 923 1127 necaturus
951 1062 1054 1127 adhuc
1077 1064 1241 1143 conuiuas,
1273 1063 1332 1129 sed

177 1169 243 1233 iam
275 1168 498 1234 collocaturus„
547 1169 669 1234 interea
700 1169 756 1251 qui
793 1187 889 1235 cenae
925 1171 1021 1235 istius
1058 1171 1259 1237 uocationem
1297 1171 1330 1236 in

179 1275 316 1340 caeleste
340 1274 524 1341 conuiuium
547 1275 765 1360 interpretaris
790 1276 943 1360 spiritalis
967 1277 1145 1341 saturitatis
1170 1279 1204 1342 et
1219 1278 1330 1343 iocun-

179 1382 301 1461 ditatis,
324 1385 484 1447 memento
509 1385 542 1446 et
563 1385 705 1448 terrenae
729 1382 958 1467 promissiones
980 1384 1049 1448 nini
1072 1387 1105 1448 et
1127 1383 1189 1448 olei
1212 1389 1245 1449 et
1264 1385 1328 1449 fru-

178 1489 279 1552 menti
303 1492 335 1553 et
357 1489 460 1572 ipsius
484 1489 627 1554 ciuitatis
651 1507 750 1572 aeque
769 1490 801 1553 in
821 1490 979 1572 spiritalia
996 1489 1127 1575 figurari
1145 1509 1164 1554 a
1182 1494 1330 1556 creatore

131 1620 161 1661 ro
224 1595 277 1660 32.
306 1593 409 1660 Onam
433 1599 465 1660 et
488 1595 670 1660 drachmam
692 1595 851 1678 perditam
874 1595 946 1679 quis
969 1596 1122 1678 requirit?
1149 1614 1251 1662 nonne
1273 1597 1329 1678 qui

178 1701 338 1783 perdidit?
371 1703 443 1784 quis
472 1706 579 1767 autem
607 1702 766 1785 perdidit?
794 1721 896 1768 nonne
918 1702 973 1785 qui
996 1703 1130 1770 habuit?
1157 1704 1229 1786 quie
1252 1721 1330 1770 nero

177 1809 312 1874 habuit?
334 1828 435 1874 nonne
454 1809 547 1874 cuins
566 1810 651 1874 fnit?
676 1810 703 1873 si
726 1809 825 1893 igitur
847 1810 943 1874 homo
965 1829 1028 1875 non
1051 1809 1182 1875 atterius
1205 1814 1257 1875 est
1276 1829 1329 1876 res

178 1935 273 1998 quam
306 1916 468 1994 creatoris,
499 1917 528 1980 is
561 1935 634 1981 eum
666 1915 789 1993 hahuit,
823 1917 915 1982 cuine
938 1916 1012 1996 fuit,
1045 1918 1074 1982 is
1097 1916 1244 2000 perdidit,
1272 1917 1329 2000 qui

177 2023 300 2100 habuit,
327 2023 355 2087 is
382 2021 564 2106 requisiuit,
598 2023 653 2106 qui
676 2022 825 2106 perdidit,
858 2023 888 2086 is
910 2023 1045 2102 inuenit,
1076 2025 1131 2106 qui
1155 2024 1326 2106 quaesiuit,

130 2151 159 2194 re
176 2129 206 2193 is
230 2127 396 2204 exultauit,
420 2129 474 2210 qni
496 2129 630 2194 inuenit.
653 2129 700 2193 ita
721 2130 891 2211 utriusque
914 2131 1080 2211 parabolae
1103 2133 1327 2213 argumentum

178 2237 273 2298 uacat
305 2235 389 2299 eirea
417 2253 499 2314 cum,
533 2235 625 2300 cuins
652 2252 715 2300 non
740 2237 789 2299 est
814 2234 883 2300 onis
906 2254 1009 2323 neque
1032 2236 1191 2314 drachma,
1220 2235 1330 2300 idest

177 2341 281 2406 homo.
304 2361 365 2406 non
386 2342 469 2406 enim
488 2340 636 2424 perdidit,
656 2341 810 2424 quianon
830 2341 954 2419 habuit,
976 2361 1035 2408 nec
1052 2341 1233 2424 requisiuit,
1253 2342 1329 2425 quia

177 2467 237 2513 non
266 2448 413 2530 perdidit,
441 2467 500 2513 nec
527 2448 660 2527 inuenit,
689 2449 765 2530 quia
791 2468 850 2513 nee
877 2449 1057 2532 requisiuit,
1081 2468 1139 2514 nee
1162 2449 1327 2525 multauit,

177 2556 334 2639 quianon
356 2555 487 2622 inuenit.
510 2559 607 2638 atquc
630 2555 708 2621 adeo
733 2555 873 2620 exultare
895 2557 984 2621 illiue
1007 2559 1059 2622 est
1077 2556 1116 2622 de
1133 2555 1329 2638 paenitentia

129 2684 158 2726 rc
176 2663 361 2743 peccatoris,
388 2661 422 2726 id
451 2663 501 2726 est
528 2660 566 2725 de
595 2662 711 2745 perditi
738 2663 989 2744 recuperatione,
1017 2662 1072 2744 qui
1099 2681 1134 2727 sa
1161 2661 1327 2744 professus

176 2770 226 2832 est
249 2767 325 2832 olim
348 2767 444 2831 malle
467 2768 645 2850 peccatoris
667 2767 897 2850 paenitentiam
920 2787 1016 2851 quam
1038 2772 1184 2833 mortem.

220 2875 273 2939 33.
298 2873 422 2954 Quibus
446 2873 571 2938 duobus
596 2872 733 2938 dominis
758 2879 854 2958 neget
875 2893 972 2956 posse
995 2873 1118 2951 semiri,
1147 2873 1223 2954 quia
1249 2873 1326 2938 alte·

173 3001 245 3044 rum
269 2980 383 3046 offendi
408 2981 451 3044 sit
477 2998 607 3044 necesse
637 2980 773 3045 alterum
798 2981 936 3057 defendi,
958 2983 1029 3064 ipso
1052 2980 1202 3057 declarat,
1229 2980 1325 3044 deum

173 3105 351 3170 proponens
383 3091 416 3151 et
446 3105 636 3152 mamcnam.
674 3087 805 3170 proinde
838 3106 1017 3152 mamonam
1050 3106 1145 3170 quem
1179 3085 1326 3170 intellegi

126 3217 155 3258 as
175 3194 265 3273 uelit,
289 3195 317 3258 si
338 3194 543 3276 interpretem
566 3212 629 3258 non
651 3193 761 3273 habes,
780 3193 820 3258 ab
843 3194 915 3276 ipso
938 3196 1030 3276 potes
1054 3192 1186 3257 discere.
1218 3192 1325 3257 admo-

173 3320 251 3366 nens
276 3301 439 3366 animnos
464 3300 501 3364 de
525 3301 744 3365 saecularibus
767 3300 920 3385 suffragia
937 3301 1030 3366 nobis
1047 3299 1229 3382 prospicere
1248 3299 1324 3364 ami·

264 3423 307 3493 10]
327 3422 359 3477 ci.
379 3421 445 3477 Luc.
466 3423 507 3491 15,
526 3423 611 3486 4-7;
632 3421 729 3477 8-11.
784 3423 829 3491 21]
849 3423 883 3477 ci.
901 3423 947 3476 Er.
967 3423 1010 3486 33,
1031 3423 1074 3478 11.
1137 3421 1184 3490 22]
1205 3421 1239 3475 cf.
1257 3419 1322 3474 Luc.

175 3513 279 3577 1613.
333 3513 381 3582 25]
399 3511 433 3566 cf.
453 3511 519 3566 Luc.
538 3511 580 3578 16,
599 3511 626 3566 9.

209 3617 226 3670 2
246 3619 446 3688 contempturos
464 3615 513 3684 Re,
532 3620 737 3688 contempturus
755 3617 829 3672 ΜΒ1
885 3618 902 3672 3
922 3633 953 3671 cx
970 3617 981 3680 i
1000 3615 1128 3687 gentibus
1146 3614 1185 3668 Μ
1234 3612 1323 3669 adhuc

172 3704 492 3775 tempestariorum
581 3706 599 3759 4
617 3709 715 3760 nt-et
732 3707 756 3760 si
774 3706 874 3761 acolaci
891 3706 989 3776 (uerba
1006 3712 1034 3759 et
1052 3705 1084 3770 si,
1102 3721 1173 3773 quac
1190 3720 1238 3773 ego
1255 3703 1324 3758 oltra

172 3797 349 3858 retinueram,
377 3796 439 3850 isere
465 3793 566 3848 delerat
592 3793 684 3866 Eam:
707 3795 880 3864 interpolata
900 3795 970 3849 baec
995 3810 1052 3850 carc
1074 3810 1146 3863 garae
1169 3797 1323 3862 acquam

173 3885 283 3953 docem
300 3889 363 3939 orta
382 3889 473 3940 aurem
491 3889 530 3938 cet
547 3883 616 3938 baec
633 3884 814 3952 interpolatio
828 3900 862 3938 ror
874 3884 1032 3953 commuta
1046 3883 1145 3938 adhoc
1160 3897 1215 3950 pro
1232 3880 1322 3936 adhuc

171 3975 189 4030 9
207 3973 319 4044 figurari
337 3973 409 4043 (opti.
429 3972 447 4026 fi
465 3973 498 4026 irs
516 3989 571 4027 raa.
592 3989 611 4026 a
627 3990 662 4027 cre
682 3973 708 4041 Ι)
726 3972 761 4026 Μ
831 3974 864 4028 10
883 3972 1038 4027 drachmam
1054 3971 1166 4040 scripti:
1186 3970 1322 4025 dranum

171 4063 214 4132 Μ,
234 4063 372 4132 dragmam
387 4061 508 4132 Raalgo
561 4062 591 4115 11
614 4062 675 4131 quis
693 4079 758 4116 uero
776 4062 842 4117 Get.-
860 4063 907 4131 qui
924 4078 989 4116 nero
1007 4061 1071 4117 MR
1127 4061 1160 4114 14
1176 4059 1323 4129 requisiuit

172 4152 245 4224 (cyil.
264 4169 293 4206 re
310 4169 333 4208 a.
352 4168 380 4206 a.
401 4169 420 4204 a
437 4168 471 4207 m.
490 4153 516 4218 1)
533 4150 572 4204 M
660 4151 694 4206 16
713 4149 843 4206 drachma
855 4150 899 4215 Μ,
918 4150 1072 4220 dragmaB
1142 4149 1178 4202 22
1196 4147 1262 4217 qnia
1272 4145 1320 4215 13³,

173 4243 220 4314 qni
234 4239 308 4296 MR¹
345 4241 381 4294 24
398 4255 551 4293 mamonam
564 4237 603 4292 Μ
617 4239 668 4306 (sic
679 4239 742 4306 ferr
754 4239 877 4307 utiquc),
890 4255 1070 4294 mammonam
1084 4237 1206 4306 Raatgo
1257 4252 1321 4306 pro·

171 4330 236 4384 inde
254 4329 297 4394 Μ,
317 4327 415 4382 deinde
432 4327 554 4396 Raetico
609 4329 643 4383 25
663 4328 732 4382 uehit
748 4332 772 4398 (t
791 4344 824 4384 ex
842 4330 866 4396 s)
884 4327 922 4382 Μ

199 4453 331 4496 xxxxvn.
346 4454 408 4494 rora
421 4453 465 4493 111.
1249 4433 1283 4485 34
