3250 4959
407 398 443 452 ll.
463 398 509 452 De
529 399 645 454 Cernis
664 398 925 453 Resurrectione
944 400 1059 454 ert-37.
1262 403 1304 467 79

199 595 254 658 37.
284 592 337 659 Sie
366 597 398 659 et
427 595 454 658 si
483 613 607 657 earnem
635 593 680 656 ait
706 593 786 657 nihil
815 595 978 677 prodesse,
1008 615 1044 659 er
1072 596 1204 660 materia
1226 596 1304 660 dieti

153 700 341 784 dirigendus
362 705 412 764 est
431 719 552 766 sensus.
576 719 648 764 narn
668 701 741 782 quio
761 701 874 766 durum
897 705 929 765 et
947 703 1179 768 intolerabilem
1199 703 1305 767 eristi·

151 811 324 872 moruerunt
347 827 523 872 sermonem
549 807 628 882 eius,
649 809 740 891 qnasi
760 827 834 872 uere
859 828 984 873 earnem
1009 829 1100 874 suam
1122 810 1189 875 illis
1213 810 1304 874 eden-

153 915 227 979 dam
252 914 505 991 determinasset,
532 918 571 978 nt
593 915 624 979 in
648 915 796 998 spiritum
825 915 1008 997 disponeret
1034 919 1152 980 statum
1178 916 1303 989 salutis,

119 1020 336 1105 spraomisit:
361 1022 525 1105 spiritus
549 1025 607 1086 est
631 1021 693 1104 qni
722 1021 906 1087 uiuifioat
934 1027 1029 1106 atquo
1052 1024 1099 1088 ita
1127 1023 1304 1087 subiunxit:

153 1147 241 1194 earo
264 1128 362 1192 nihil
386 1128 553 1211 prodest,
582 1129 638 1193 sed
662 1128 701 1192 ad
725 1128 954 1193 ninidoandum
980 1130 1112 1194 soilioot.
1141 1131 1306 1213 exequitur

153 1236 263 1312 etiam,
293 1235 370 1317 quid
399 1235 478 1300 uelit
504 1235 649 1318 intellegi
678 1235 844 1318 spiritum:
877 1236 1002 1301 uerba.
1032 1256 1124 1319 qnae
1152 1237 1304 1302 loeutus

153 1364 236 1410 snm
261 1343 383 1420 nobis,
408 1342 569 1424 spiritns
594 1345 691 1419 sunt,
716 1343 795 1406 uita
821 1346 918 1417 sunt,
943 1343 1027 1407 siout
1046 1346 1079 1409 et
1102 1363 1212 1425 snpra:
1238 1345 1305 1427 qui

153 1450 265 1516 audit
288 1468 480 1514 sermones
504 1468 604 1514 meos
630 1456 666 1513 et
690 1449 812 1513 eredit
835 1449 871 1512 in
896 1469 989 1527 eum,
1020 1450 1082 1532 qui
1107 1470 1162 1515 me
1185 1451 1304 1527 misit,

107 1576 137 1615 ro
154 1557 272 1622 habet
295 1556 413 1621 uitam
439 1559 626 1622 aeternum
652 1560 688 1619 et
711 1556 747 1620 in
770 1556 958 1620 iudicium
983 1577 1052 1622 non
1080 1558 1210 1621 ueniet
1240 1557 1305 1622 sed

152 1663 319 1728 transiet
343 1663 385 1727 de
409 1667 526 1727 morte
550 1663 593 1726 ad
621 1663 751 1727 uitam.
774 1667 883 1746 itaque
907 1683 1083 1728 sermonem
1107 1664 1305 1729 constituens

152 1769 398 1848 uiuificatorem,
415 1769 489 1852 quia
503 1769 632 1852 spiritns
648 1772 681 1834 et
699 1771 767 1833 uita
781 1787 895 1849 sermo,
909 1770 1043 1834 eundern
1064 1771 1160 1834 etiam
1180 1789 1303 1834 earnem

154 1897 247 1944 suam
267 1875 356 1954 dixit,
376 1877 450 1958 quia
474 1880 506 1940 et
525 1895 628 1941 sermo
653 1895 724 1941 earo
745 1880 812 1940 erat
834 1876 950 1952 lautus,
974 1876 1105 1958 proinde
1123 1879 1155 1942 in
1176 1897 1304 1942 oausam

153 1985 241 2048 uitae
262 1982 458 2065 adpetendus
473 1986 505 2046 et
519 1983 718 2048 deuorandus
733 1982 844 2047 auditu
864 1987 897 2046 et
914 1983 1121 2048 ruminandus
1140 1983 1304 2048 intellectu

108 2108 135 2148 1⁶
155 2095 189 2155 et
202 2090 265 2154 fide
280 2088 481 2174 digerendus.
495 2109 568 2154 nam
589 2093 620 2152 et
639 2091 732 2171 paulo
752 2094 826 2152 anto
845 2108 970 2153 earnem
991 2109 1080 2153 suam
1099 2109 1211 2173 panem
1231 2109 1306 2170 quo-

156 2215 218 2280 qne
252 2197 423 2261 caelestem
455 2195 681 2278 pronuntiarat,
714 2214 855 2278 urguens
887 2214 1117 2279 usquequaque
1144 2215 1201 2279 per
1228 2196 1305 2259 ulle·

156 2303 279 2386 goriam
299 2303 549 2366 necessariorum
569 2303 756 2384 pabulorum
776 2303 960 2366 memoriam
980 2307 1115 2384 patrum,
1136 2303 1190 2385 qui
1208 2321 1304 2385 panes

156 2413 190 2474 et
213 2427 321 2472 oannes
345 2409 575 2493 Aegyptiorum
598 2411 834 2491 praeuerterent
861 2408 987 2472 diuinae
1012 2409 1182 2474 uooationi.
1206 2408 1307 2492 igitur

157 2534 334 2581 conuersus
358 2514 398 2578 ed
420 2515 615 2598 reoogitutus
639 2515 777 2590 illorum,
803 2514 878 2595 quia
900 2517 1042 2579 senserat
1066 2511 1304 2596 dispergendos,

108 2642 138 2682 eo
158 2641 253 2696 oaro,
284 2622 340 2698 ait,
369 2621 466 2685 nihil
493 2621 657 2705 prodest.
686 2621 763 2702 quid
792 2622 851 2685 hoo
881 2621 921 2685 ad
949 2619 1173 2684 destruendam
1202 2617 1305 2682 earnis

154 2730 432 2806 resnneetionem,
461 2729 551 2810 quasi
576 2748 635 2793 non
660 2729 756 2792 liceat
779 2747 850 2794 esse
874 2727 1006 2810 aliquid,
1035 2726 1120 2809 quod
1143 2725 1203 2789 etsi
1226 2724 1305 2789 nihil

155 2837 269 2919 prosit,
294 2834 382 2900 uliud
399 2837 506 2900 tamen
530 2836 559 2899 ei
581 2835 733 2917 prodesse
752 2835 879 2918 possit?
903 2834 1036 2917 spiritus
1060 2831 1203 2915 prodest3
1224 2831 1305 2895 uini·

156 2943 233 3008 licut
252 2942 345 3006 enirn.
364 2961 436 3006 oero
456 2941 535 3005 nihil
554 2941 696 3024 prodest:
722 2940 932 3005 mortificatur
951 2941 1043 3004 enirn.
1067 2941 1176 3022 itaque
1195 2956 1305 3002 seeun-

157 3049 235 3113 dum
260 3067 318 3113 nos
341 3048 444 3131 magis
468 3048 638 3113 oollooauit
661 3047 829 3129 utriusque
853 3047 1110 3128 propositionem.
1135 3043 1304 3109 ostendens

109 3173 138 3215 ra
157 3156 254 3232 onim,
278 3152 355 3236 quid
374 3154 475 3236 prosit
498 3157 529 3218 ot
549 3153 625 3235 quid
647 3171 709 3217 non
728 3153 840 3234 prosit,
859 3153 978 3234 pariter
995 3149 1209 3225 inlumiuauit,
1230 3147 1306 3230 qnid

158 3263 212 3326 oui
240 3261 352 3343 prosit,
381 3259 529 3343 spiritum
557 3259 681 3325 soilioet
704 3260 799 3336 oarni,
829 3258 1037 3324 mortificatae
1065 3257 1305 3322 uiuifioatorem.

159 3368 290 3432 ueniet
319 3367 416 3430 enim
444 3367 543 3444 hora,
568 3366 684 3448 inquit,
714 3385 795 3430 oum
825 3366 965 3429 mortni
992 3364 1153 3428 audient
1175 3381 1306 3427 uooem

158 3474 240 3539 filii
277 3473 336 3537 dei
369 3473 497 3555 etqui
535 3471 726 3537 audierint
759 3471 901 3536 uiuent.
937 3471 1014 3554 quid
1046 3473 1207 3534 mortuum
1244 3469 1306 3532 nisi

252 3733 516 3803 nmmum
590 3728 1304 3803 mmmm.mmweqm.

159 3817 1306 3892 ememmm.mmmmnmmmqm

159 3909 675 3980 mmomammwa

197 4037 210 4089 1
240 4037 280 4091 sie
308 4041 336 4089 et
363 4037 386 4091 si
412 4036 487 4102 Gela
503 4037 569 4090 lieet
595 4038 619 4089 si
642 4035 733 4090 PMF
784 4038 800 4092 6
825 4035 873 4089 sed
897 4037 931 4090 ed
954 4036 1049 4102 PMF,
1070 4035 1104 4088 ad
1131 4035 1182 4089 Get
1207 4035 1308 4103 reliqui

160 4125 194 4180 10
222 4127 300 4179 uenit
326 4124 358 4178 F
424 4127 455 4179 ll
485 4125 601 4180 transiet
627 4125 724 4186 PMF,
751 4125 882 4179 transibit
911 4125 962 4179 Gel
1036 4125 1069 4178 15
1097 4123 1255 4193 dirigendus
1281 4125 1309 4176 P

159 4215 195 4268 19
215 4213 411 4284 dispergendos
429 4213 497 4282 PM,
517 4213 712 4284 dispergendos
731 4213 761 4267 F
812 4215 845 4267 21
872 4216 923 4267 etsi
946 4213 1013 4277 PM,
1039 4214 1061 4266 si
1084 4213 1115 4265 F
1166 4213 1201 4267 26
1224 4213 1306 4273 oanni,

158 4303 340 4357 mortificatae
359 4303 438 4374 Eoo:
457 4304 529 4356 ourni
549 4303 727 4356 mortificatae
746 4303 831 4372 uulpo
