3250 4959
1316 281 1323 311 Ι

384 386 446 440 lilI.
464 386 630 441 Aduersus
650 389 848 443 Marcionem
866 390 915 443 lib.
929 390 971 443 ΙΙΙ
989 391 1104 444 20-21.
1253 397 1317 459 413

167 580 301 663 optimo,
325 600 397 645 oum
420 584 581 665 postremo
604 582 723 664 priores
748 582 950 646 inueniuntur
972 582 1144 649 Christiani
1167 588 1317 651 creatoris

168 707 264 770 quam
284 687 465 767 Marcionis,
486 688 594 753 exinde
613 690 737 753 uocatis
757 689 905 754 omnibus
924 691 1051 773 populis
1070 692 1102 755 in
1121 711 1219 776 reguo
1239 694 1317 773 eius,

168 814 205 859 er
235 814 296 877 quo
326 794 405 859 deus
433 796 579 879 regnauit
606 814 624 859 a
651 796 750 879 ligno,
779 796 866 860 nullo
895 796 999 861 adhue
1022 796 1171 879 Cerdone,
1198 799 1316 864 nedum

166 900 339 965 Marcione.
363 902 418 965 sed
439 898 493 989 [et]
517 902 658 969 reuictus
683 902 721 965 de
744 902 907 966 nationum
932 904 1108 981 uacatione,
1131 910 1316 971 conuertere

133 1008 231 1072 siam
265 1008 296 1071 in
330 1008 507 1095 proselytos
540 1008 665 1091 quaeris
699 1010 750 1093 qui
787 1008 825 1073 de
859 1010 1042 1075 nationibus
1074 1014 1240 1077 transeunt
1277 1014 1315 1077 ad

166 1120 352 1193 creatorem,
372 1116 496 1197 quaudo
517 1118 549 1181 et
567 1115 728 1199 proselyti,
744 1116 890 1180 diuersae
905 1118 937 1179 et
950 1117 1093 1199 propriae
1108 1118 1315 1195 eondieionis,

166 1240 311 1285 seorsum
332 1242 349 1285 a
367 1222 521 1305 propheta
544 1222 755 1298 nominentur,
770 1260 814 1269 -
830 1240 926 1301 ecoe,
945 1224 1050 1305 inquit
1066 1224 1188 1301 Esaias,
1207 1245 1314 1308 pros·

166 1328 271 1410 elyti
300 1348 369 1411 per
397 1348 453 1392 me
483 1328 679 1393 accedant
707 1328 753 1393 ad
783 1334 833 1406 te,
863 1329 1032 1394 ostendeus
1064 1331 1154 1414 ipsos
1187 1347 1313 1414 quoque

164 1434 347 1519 proselytos
375 1454 431 1518 per
454 1434 618 1499 Christum
646 1454 832 1501 arcessuros
856 1435 895 1500 ad
919 1436 1012 1500 deum
1037 1473 1081 1483 —
1104 1441 1137 1501 et
1159 1437 1312 1506 nationes.

122 1563 149 1600 ιο
164 1542 250 1623 quod
265 1560 377 1605 sumus
392 1562 460 1617 uos,
475 1541 605 1622 proinde
620 1560 711 1605 suam
725 1542 863 1606 habeant
876 1544 1139 1608 nominationem:
1150 1548 1312 1627 sperantes

164 1649 196 1711 in
214 1646 394 1712 Christum:
415 1652 452 1712 et
475 1649 512 1711 in
537 1648 706 1725 nomine,
726 1648 840 1730 inquit,
859 1650 948 1713 eius
971 1650 1162 1715 nationes
1182 1670 1311 1734 spera-

163 1754 276 1818 bunt.
303 1754 457 1838 proselyti
486 1758 603 1832 autem,
632 1774 711 1836 quos
739 1755 771 1819 iu
795 1755 959 1820 nationum
982 1756 1215 1839 praedieatione
1238 1758 1311 1822 suh-

163 1861 285 1940 stituis,
314 1880 375 1926 non
402 1864 434 1926 in
460 1860 577 1927 Christi
604 1863 730 1927 nornine
760 1881 885 1944 sperare
913 1864 1028 1941 solent,
1052 1863 1109 1927 sed
1132 1865 1163 1927 in
1188 1865 1311 1947 Moysei

163 1966 283 2043 ordine,
304 1988 323 2032 a
341 1988 402 2049 quo
421 1970 582 2035 institutio
600 1970 728 2034 illorum
749 1972 807 2034 est.
831 1971 971 2033 ceterum
991 1968 1127 2034 adlectio
1146 1970 1309 2034 nationum

115 2090 143 2134 aa
162 2093 181 2137 a
204 2075 391 2141 nouissimis
416 2076 527 2141 diebus
552 2080 659 2141 exorta
682 2080 742 2141 est.
765 2076 868 2140 isdem
882 2069 993 2140 uerbis
1009 2076 1132 2140 Esaias:
1158 2081 1197 2141 et
1220 2078 1308 2154 erit,

161 2181 278 2263 inquit,
311 2182 347 2245 in
381 2183 624 2247 nouissimis
658 2181 803 2246 diebus
833 2181 1080 2247 manifestus
1108 2202 1219 2247 mons
1249 2183 1309 2247 do·

160 2287 269 2364 mini,
284 2289 396 2373 utique
412 2288 593 2353 sublimitas
609 2288 669 2365 dei,
684 2289 754 2372 <et>
770 2288 890 2353 aedes
909 2288 973 2352 dei
993 2307 1114 2373 super
1132 2308 1308 2355 summos

160 2397 329 2471 montes,
358 2395 468 2478 utique
498 2395 654 2473 Christus,
692 2432 735 2441 —-
769 2396 962 2460 catholicum
995 2394 1046 2459 dei
1077 2395 1244 2479 templum,
1276 2398 1307 2460 iu

160 2518 222 2581 quo
270 2500 348 2565 deus
394 2502 520 2581 colitur,
567 2502 777 2567 constitutum
824 2521 921 2584 super
966 2520 1074 2566 omues
1121 2503 1307 2568 eminentias

111 2627 140 2681 φο
157 2606 317 2671 uirtutum
351 2610 382 2672 et
412 2610 609 2690 potestatum
657 2646 699 2655 —-
738 2612 775 2672 et
817 2609 983 2673 uenient
1020 2608 1066 2673 ad
1103 2628 1189 2673 eum
1227 2612 1307 2674 uni·

158 2732 304 2779 uersae
327 2715 528 2793 aetianae,
557 2718 596 2779 et
623 2716 743 2780 ibunt
766 2716 885 2779 multi
911 2719 950 2780 et
974 2715 1126 2780 dicent:
1155 2717 1305 2786 uenite.

159 2822 426 2887 ascendamus
459 2822 496 2887 iu
531 2827 702 2887 montem
735 2821 886 2887 domini
918 2826 957 2887 et
993 2823 1031 2886 iu
1069 2822 1204 2887 aedem
1241 2824 1306 2887 dei

157 2930 290 3006 Iacob,
325 2933 363 2995 et
400 2928 664 2994 adnuntiabit
700 2928 818 2993 nobis
851 2928 956 2992 uiam
990 2948 1100 2993 suam
1135 2933 1173 2993 et
1204 2930 1304 2994 inoe-

157 3036 295 3101 demus
329 3038 365 3100 in
400 3056 458 3113 ea:
493 3056 535 3100 er
572 3034 666 3101 Sion
699 3035 803 3099 enirn
838 3034 967 3099 exibit
1002 3034 1065 3099 ler
1097 3043 1136 3099 et
1174 3055 1303 3101 sermo

110 3164 138 3203 2⁵
157 3141 308 3207 domini
332 3162 372 3207 er
391 3143 658 3219 Hierusalem,
673 3178 717 3189 -—
732 3143 809 3205 haee
829 3143 888 3206 erit
906 3142 960 3207 uia
978 3161 1078 3206 nouae
1098 3144 1190 3227 legis,
1211 3162 1304 3207 euan-

156 3249 288 3333 gelium,
312 3253 344 3313 et
367 3250 441 3315 noui
466 3251 631 3324 sermonis,
650 3250 680 3312 in
702 3249 839 3326 Christo,
858 3249 922 3312 iam
941 3268 1002 3313 nou
1021 3250 1053 3312 in
1072 3249 1184 3331 Moyse
1202 3287 1247 3298 -
1265 3254 1304 3314 et

155 3355 365 3421 iudicabit
394 3358 503 3422 inter
535 3358 733 3432 nationes,
767 3356 805 3420 de
835 3374 937 3420 errore
966 3355 1090 3421 scilieet
1117 3376 1234 3436 aarum,
1265 3361 1304 3421 et

155 3463 345 3528 reuinoet
367 3465 560 3546 populum
585 3464 768 3547 amplum,
788 3464 931 3546 ipsorum
949 3463 1093 3547 inprimis
1112 3462 1301 3527 Iudaeorum

244 3617 496 3687 aperuerat.
536 3618 579 3685 11]
599 3618 642 3671 us.
662 3620 705 3683 aa,
724 3620 749 3671 4.
788 3618 921 3686 15-414,
941 3620 968 3689 e]
989 3620 1033 3672 m.
1048 3621 1073 3681 2.
1089 3620 1167 3673 a-r.
1207 3619 1250 3688 18]
1268 3619 1301 3672 cr.

154 3707 211 3761 ron.
232 3708 257 3773 2,
278 3708 319 3760 19.
339 3707 382 3761 ar.
439 3707 483 3775 rep
505 3706 538 3761 ef.
558 3706 626 3775 upa.
649 3709 671 3771 1,
691 3708 733 3759 21.

189 3833 255 3885 det
272 3830 371 3885 reclini
437 3831 631 3901 bproselytos.
652 3834 760 3899 quaeris
778 3831 862 3900 aulpo
936 3832 1042 3899 quaeris
1061 3831 1096 3896 R,
1117 3831 1248 3899 quaeritis
1266 3830 1302 3881 M
1366 3842 1371 3851 ·

152 3924 297 3973 hanseunt
311 3919 392 3987 MR2,
407 3924 548 3974 transeant
560 3920 601 3973 13³
609 3922 692 3989 sculpo
729 3920 863 3989 liquando
873 3937 956 3974 sorau
965 3920 1302 3973 adae·sauu0:wubrend

154 4008 222 4063 decb
277 4008 291 4059 7
297 4009 478 4077 parenthesin
492 4009 635 4063 indicaui:
647 4010 840 4063 nominentur?
855 4024 915 4061 ecce
925 4008 1010 4075 autpo
1056 4006 1299 4072 lChabeautMR,

152 4098 292 4151 habebant
310 4097 410 4150 NPmn
482 4098 767 4167 sperantes-nornine
787 4114 838 4151 om.
858 4096 888 4149 F
941 4098 974 4149 13
992 4097 1094 4164 moysei
1114 4096 1156 4156 M,
1169 4096 1258 4165 Moysi
1271 4096 1300 4149 R

152 4187 236 4255 eulpa
291 4188 321 4239 15
341 4186 392 4239 erit
410 4202 461 4239 om.
480 4188 510 4240 F
559 4188 589 4240 ll
611 4186 813 4240 ereaturam
865 4188 1010 4239 rennues
1033 4186 1299 4239 Gel:omneseninr

153 4274 214 4329 MR
268 4275 303 4329 28
322 4277 444 4329 reuincet
463 4275 544 4342 MR¹‚
564 4276 703 4329 reuincent
721 4276 853 4342 R³⁵tculpo
