3250 4959
283 377 349 444 488
508 375 627 441 Quinti
646 373 790 445 Septimi
807 373 981 432 Florentia
999 375 1207 433 Tertulliani

282 569 361 655 qnid
392 569 446 636 uel
477 569 530 638 hio
561 569 665 651 editio,
690 570 805 638 enine?
828 570 978 655 prohibet
1004 589 1061 638 eee
1086 572 1190 638 niotni
1217 581 1274 639 ont
1301 576 1437 644 nautor

282 665 360 760 quid
388 677 421 744 in
453 677 541 746 uiam
572 677 665 744 ferre.
692 677 764 761 quie
791 677 854 744 hoo
877 677 1070 757 mmonseo,
1094 678 1160 744 riri
1183 680 1239 763 qni
1262 683 1297 748 et
1319 699 1434 748 eerueo

283 783 340 852 alit
370 786 405 874 et
434 783 529 854 floreo
561 784 629 870 agri
653 784 762 865 nestit,
786 783 842 868 qni
862 785 939 850 boni
963 803 1090 869 quoqne
1112 787 1228 852 terenti
1252 787 1435 856 libertatem

283 890 348 960 orie
361 890 402 958 ad
414 891 541 958 neniam
560 891 671 975 pabuli
683 909 720 958 er
734 907 828 974 opero
841 892 1066 959 ammonendi
1084 895 1158 958 ante
1170 895 1343 978 promouit,
1361 896 1438 978 qnia

284 996 401 1083 dignus
415 998 577 1082 operarius
591 997 736 1066 mercede
750 1000 830 1066 oue?
848 998 927 1064 haee
939 998 1083 1065 Marcion
1096 999 1212 1079 deleat,
1231 1000 1310 1066 (lum
1327 1003 1437 1070 aeneai
1462 1031 1476 1071 ι

284 1105 375 1173 saluo
398 1105 471 1173 sint.
495 1109 529 1172 at
552 1123 626 1172 eum
644 1105 739 1172 inbet
754 1105 921 1189 puluerem
939 1109 1087 1172 exentera
1104 1105 1145 1172 ie
1162 1107 1299 1191 petione
1317 1108 1352 1174 in
1371 1127 1436 1190 eoe,

284 1231 303 1278 a
326 1211 443 1296 quibue
466 1212 589 1296 excepti
610 1229 672 1278 non
694 1211 844 1291 inissent,
867 1216 901 1278 et
921 1212 984 1279 hoo
1004 1213 1038 1280 in
1059 1213 1283 1280 teeflmoninm
1305 1215 1437 1282 mandat

284 1317 364 1386 fieri.
392 1336 487 1386 nemo
514 1320 654 1388 testatur
682 1317 768 1402 qued
794 1337 859 1386 nen
885 1319 1006 1386 indicio
1033 1319 1227 1388 destinator:
1258 1321 1437 1388 inhumani-

284 1429 385 1492 tatem
417 1426 473 1510 qni
499 1425 533 1492 in
564 1425 770 1492 tertationem
796 1425 902 1512 redigi
926 1426 1019 1494 iubet
1043 1426 1184 1494 iudioem
1214 1429 1437 1495 comminatur.

284 1533 410 1600 nullum
443 1531 539 1598 deum
569 1550 690 1600 nonum
712 1551 732 1598 a
755 1531 882 1598 Christo
913 1533 1084 1616 probatum
1113 1534 1172 1600 illu
1202 1533 1301 1601 ettam
1329 1536 1438 1620 opinio
1453 1563 1478 1603 ιο

286 1640 430 1706 omnium
458 1638 643 1719 deeimarum,
676 1657 740 1722 qne
768 1637 932 1706 Ghrietnm
958 1639 1067 1706 Ieanm
1101 1641 1157 1706 ulii
1182 1640 1358 1709 Iohannem
1385 1642 1440 1707 alii

285 1746 413 1812 Heliam
436 1745 492 1812 alii
509 1765 609 1812 nnnm
627 1745 767 1829 aliquem
787 1764 825 1812 ex
841 1745 1008 1812 neteribne
1025 1746 1192 1830 prophetie
1208 1746 1332 1814 Herodi
1350 1747 1440 1814 eone

286 1853 450 1920 uetabant.
479 1871 515 1918 ex
538 1851 656 1936 qnibne
679 1852 875 1936 quicumque
897 1851 1025 1932 fument,
1047 1870 1111 1918 non
1132 1855 1246 1937 ntique
1268 1855 1329 1921 hoo
1353 1858 1441 1921 meet

288 1959 474 2040 euenitotoe,
491 1961 529 2026 ut
547 1957 646 2025 alium
666 1957 762 2025 deum
778 1961 855 2040 poet
871 1959 1138 2026 reeuneotionem
1154 1960 1364 2044 praedicaret
1379 1961 1440 2026 Pa·

288 2065 363 2136 seio
377 2067 533 2150 populum
560 2065 594 2132 in
622 2064 806 2145 solitudine,
830 2065 870 2131 de
896 2064 1033 2149 pristine
1062 2065 1187 2134 eoilieet
1208 2085 1307 2134 more
1331 2070 1390 2133 ont
1411 2067 1480 2134 eine

287 2193 349 2240 non
382 2173 493 2240 eadem
525 2175 576 2240 eet
602 2171 766 2252 maiestas,
798 2191 875 2257 orgo
901 2173 966 2238 iem
993 2172 1098 2238 minor
1124 2177 1176 2240 eet
1201 2177 1353 2255 creatore,
1384 2174 1442 2258 qni

285 2300 349 2347 nen
371 2297 436 2346 uno
459 2279 520 2358 dio,
544 2277 601 2346 ned
625 2279 714 2346 annia
738 2278 962 2364 qnadraginta,
980 2297 1039 2345 nee
1062 2279 1101 2344 de
1119 2279 1322 2347 inferioribus
1339 2283 1440 2347 mate

287 2387 344 2454 riis
368 2386 458 2470 ponis
483 2388 515 2451 et
542 2385 652 2469 pierio,
682 2385 740 2452 eod
768 2385 808 2451 de
829 2402 946 2450 manna
967 2384 1110 2464 emirati,
1133 2404 1192 2452 neo
1215 2387 1357 2471 quinque
1380 2389 1440 2455 eir·

287 2492 377 2570 citer,
418 2491 475 2558 red
511 2495 659 2558 eeroenta
694 2490 786 2558 milia
815 2491 983 2557 hominnm
1008 2491 1192 2575 protelanit
1227 2492 1307 2560 adeo
1330 2496 1441 2560 entem

288 2599 429 2684 ea<dem>
455 2598 519 2664 fnit
545 2599 708 2678 maiestas,
731 2602 771 2666 nt
791 2602 827 2666 et
850 2599 963 2683 pabuli
991 2599 1199 2683 exiguitatem
1224 2617 1287 2667 non
1313 2603 1440 2666 tantm
1456 2625 1484 2668 r·

288 2705 445 2785 suffieere,
467 2723 580 2772 uorum
602 2705 700 2770 etiam
723 2705 893 2771 exuberare
912 2705 951 2771 de
972 2705 1108 2788 pristino
1126 2705 1267 2773 uoluerit
1283 2707 1440 2791 exemplo.

289 2814 338 2880 eie
369 2813 452 2878 enim
485 2815 517 2878 ot
548 2813 581 2879 in
609 2819 752 2896 tempore
779 2812 876 2880 femie
899 2813 960 2878 anb
982 2813 1078 2879 Helia
1099 2813 1218 2879 uiduae
1239 2812 1441 2899 Sareptensi·

289 2919 416 2988 modico
447 2923 480 2988 et
511 2938 662 3003 suprema
692 2919 844 2986 alimenta
876 2938 914 2986 er
945 2919 1120 3003 prophetae
1141 2919 1363 2988 benedictione
1384 2940 1443 3005 per

289 3029 394 3092 totum
416 3025 512 3094 famia
534 3013 664 3111 tempus
685 3025 951 3092 redundauorant
974 3025 1073 3092 habeo
1091 3027 1219 3092 tertiam
1236 3026 1441 3094 Baeitiarnnn

290 3135 318 3200 ei
338 3135 371 3200 et
393 3137 535 3218 quartam
559 3133 719 3210 reuolnae,
746 3132 893 3200 inuenire
918 3135 1024 3198 totnm
1049 3133 1134 3199 hune
1155 3133 1298 3200 ordinem
1320 3133 1443 3201 Christi
1458 3160 1484 3202 ru
1617 3102 1618 3133 Ξ

291 3240 376 3308 eirea
402 3241 495 3308 illum
523 3239 574 3306 dei
601 3240 773 3318 hominem,
812 3239 868 3323 qui
894 3239 1021 3305 oblator
1052 3239 1115 3305 eibi
1146 3239 1255 3306 (ionem
1282 3241 1441 3308 ordinetur

383 3380 407 3451 1]
429 3379 463 3436 ef.
481 3379 547 3435 Luo.
566 3381 593 3445 9,
612 3379 637 3434 3.
704 3379 733 3449 2]
755 3379 788 3433 oi.
807 3378 853 3433 Pe.
874 3379 934 3443 149,
953 3379 983 3445 9;
1003 3377 1076 3434 Hiob
1094 3379 1139 3443 38,
1157 3381 1202 3438 41.
1274 3379 1304 3452 9]
1321 3380 1356 3438 of.
1374 3380 1440 3437 Lao

292 3468 335 3538 12,
352 3469 397 3526 21.
417 3467 452 3524 of.
470 3467 553 3524 Dent
573 3467 617 3532 25,
636 3470 663 3522 4.
704 3467 732 3537 5]
751 3465 785 3522 oi.
804 3465 871 3522 Lne.
891 3466 934 3536 10,
953 3467 979 3524 7.
1020 3468 1048 3537 6]
1067 3466 1102 3522 oi.
1118 3466 1187 3522 Lne.
1204 3467 1231 3534 9,
1243 3469 1271 3523 ὅ.
1306 3469 1333 3539 t]
1352 3469 1441 3525 etit.

292 3558 336 3628 11]
356 3556 390 3612 oi.
408 3555 474 3612 Lne.
493 3559 521 3621 9,
540 3556 620 3610 7-9.
683 3555 729 3626 15]
750 3555 784 3611 ei.
804 3555 869 3611 Lno.
888 3557 914 3624 9,
933 3552 1050 3612 10-17.
1115 3553 1158 3626 11]
1178 3555 1212 3613 of.
1230 3556 1315 3612 Iirod.
1335 3558 1378 3624 16,
1395 3559 1440 3613 35.

292 3645 339 3716 18]
357 3643 391 3701 oi.
408 3643 494 3700 Exed.
514 3643 557 3713 12,
574 3644 619 3702 37.
673 3643 984 3714 amenitatem.
1037 3644 1086 3715 22]
1098 3643 1271 3716 oillllteg.
1285 3646 1329 3711 17,
1342 3646 1442 3703 ’1-16,

290 3734 337 3804 26]
357 3731 390 3790 ot
409 3733 467 3788 1111
484 3733 552 3803 Reg.
570 3734 597 3802 4,
614 3733 731 3792 42-45.

327 3842 346 3896 4
363 3839 551 3896 anmmonendr'
564 3837 636 3904 affl,
654 3838 779 3894 enmendi
801 3837 855 3895 Ura
890 3839 909 3895 9
926 3856 946 3894 o
962 3839 1056 3895 uertit
1072 3839 1102 3894 in
1118 3839 1297 3894 tertationem
1309 3840 1402 3910 μμ
1413 3839 1446 3895 F

294 3930 329 3988 19
347 3929 567 4000 prumiensem.
605 3929 712 4000 11qna
729 3927 811 4000 Erro:
828 3929 893 3999 quio
909 3927 974 3985 MR
1010 3929 1045 3984 13
1062 3928 1116 3983 hoe
1132 3931 1180 3998 (·.=
1192 3931 1354 3998 murro)
1370 3927 1442 4000 HF,

291 4019 365 4089 <0b>
384 4019 438 4074 hoo
453 4017 582 4088 annuo
634 4018 835 4088 eeaeteeripeo':
852 4017 971 4074 estora
1008 4019 1041 4074 16
1060 4021 1104 4073 eet
1120 4017 1226 4088 (priore
1242 4018 1314 4083 loeo)
1331 4019 1444 4088 ratpot·

294 4106 395 4162 etMR
436 4107 471 4162 20
485 4107 579 4164 eadem
592 4107 692 4176 κῆρες·
711 4109 759 4177 (os.
778 4106 1010 4173 t.16).·eaMR
1053 4107 1089 4161 22
1107 4107 1275 4177 sareptenam
1285 4107 1330 4172 Μ,
1345 4107 1442 4178 Sarep-

292 4197 367 4256 tener
390 4196 517 4266 Rooloo
593 4197 631 4252 23
652 4211 797 4268 supprema
819 4196 857 4251 M
929 4197 966 4252 25
988 4195 1115 4251 reuoluto
1142 4193 1209 4251 Ure.-
1234 4194 1359 4250 monlon
1379 4194 1445 4251 ara

293 4285 393 4354 reliqua
465 4283 790 4352 cntinu132,cnrieenm
808 4284 883 4342 ΜΒ1
936 4285 973 4340 26
990 4284 1124 4340 ordiaeioe
1136 4283 1180 4348 Μ,
1196 4284 1364 4341 hardmoto·
1379 4283 1410 4341 B
