3250 4959
116 3033 164 3088 Ad
182 3034 252 3088 Poe·-

118 3107 254 3176 impensae

274 393 340 462 646
498 389 616 457 Quinti
636 389 779 461 Septimi
797 387 971 448 Florentia
989 385 1196 443 Tertulliani

273 589 311 650 et
332 587 549 657 neomeniae
573 590 610 652 et
638 585 798 664 sabbati,
833 604 925 667 quae
954 588 1012 651 e'st
1039 583 1169 649 umbra
1195 581 1427 657 futurorum,

273 713 409 778 corpus
434 698 557 762 autem
582 693 737 772 Christi,
762 693 840 776 quid
861 692 921 762 tibi
941 692 1077 768 uidetur,
1101 690 1263 755 Marcion?
1287 686 1326 753 de
1349 686 1427 769 lege

271 800 336 866 iam
358 820 421 867 non
443 804 664 880 retractamus,
687 798 750 866 nisi
773 799 858 884 quod
880 803 913 864 ct
935 798 987 866 hio
1007 794 1275 881 quemadmodum
1294 794 1427 858 exclusa

273 907 324 988 sit,
348 907 470 987 edocet,
503 907 580 974 dnm
609 907 735 976 scilieet
761 906 799 974 de
827 907 941 974 umbra
961 905 1152 974 transfertur
1172 904 1206 970 in
1230 920 1359 984 corpus,
1389 899 1426 964 id

273 1017 322 1083 est
345 1013 383 1080 de
407 1013 518 1100 figuris
537 1012 577 1079 ud
596 1013 775 1091 ueritatem,
800 1011 886 1095 quod
904 1015 956 1080 est
974 1011 1133 1079 Christus.
1156 1027 1230 1094 ergo
1254 1010 1288 1073 et
1310 1006 1427 1074 umbra
1455 1028 1471 1066 s

272 1119 352 1198 eiua.
377 1120 469 1186 cuius
493 1123 527 1186 ot
550 1139 675 1204 corpus,
698 1120 731 1185 id
755 1123 806 1188 est
831 1123 864 1187 et
884 1119 935 1186 lor
958 1119 1038 1197 cius,
1059 1117 1186 1202 (cuins)
1209 1118 1243 1184 ct
1264 1113 1428 1181 Christus.

272 1241 406 1310 segrega
429 1225 484 1290 elii
506 1225 564 1291 deo
586 1225 691 1310 legem
715 1228 748 1290 et
765 1225 821 1294 alii
839 1225 898 1292 deo
918 1224 1091 1304 Christum,
1114 1225 1146 1290 si
1166 1225 1259 1306 potes
1282 1221 1428 1304 aliquam

272 1332 417 1398 umbram
439 1332 480 1397 ah
504 1351 540 1398 eo
565 1350 706 1416 corpore,
732 1333 824 1398 cuius
847 1333 961 1398 umbra
982 1333 1043 1412 est,
1070 1349 1228 1416 separare.
1253 1328 1427 1394 manifeste

271 1437 354 1522 legis
371 1441 420 1504 esi
437 1437 595 1518 Christus,
611 1439 640 1504 si
655 1451 770 1521 corpus
785 1442 837 1505 cst
849 1439 989 1506 umbrae.
1070 1437 1108 1507 si
1121 1440 1228 1503 autern
1246 1438 1280 1501 et
1296 1435 1425 1517 aliquos

272 1547 369 1625 taxat,
386 1545 442 1628 qui
456 1565 493 1612 er
507 1545 687 1613 uisionibus
703 1546 859 1630 angelicis
874 1545 1021 1612 dicebant
1035 1545 1114 1614 cibis
1133 1540 1359 1610 abstinendum
1377 1577 1424 1587 -
1444 1561 1473 1601 ro

271 1671 315 1717 ne
335 1653 526 1740 attigeris,
546 1672 590 1718 ne
609 1653 830 1737 gustaueris
844 1689 890 1702 -
904 1653 1048 1718 uolentes
1063 1651 1096 1716 in
1109 1649 1294 1716 humilitate
1308 1667 1424 1714 sensus

271 1758 429 1840 incedere,
449 1779 510 1825 non
524 1764 668 1826 tenentes
689 1763 794 1843 caput,
814 1777 877 1825 non
895 1757 967 1826 ideo
985 1757 1092 1843 legem
1111 1761 1143 1823 et
1156 1755 1290 1841 Moysen
1304 1754 1424 1840 pulsat

272 1867 365 1948 quasi
402 1866 440 1934 de
478 1866 622 1952 angelica
659 1866 885 1950 superstitione
927 1865 1131 1932 constituerit
1166 1861 1426 1929 interdictionem

273 1972 470 2056 quorundam
507 1973 660 2042 edulium.
698 1972 832 2056 Moysen
864 1971 949 2036 enirn
980 1990 1001 2035 a
1032 1971 1090 2038 deo
1123 1971 1287 2054 accepisse
1317 1969 1425 2054 legem

272 2083 406 2149 constat.
431 2081 565 2163 denique
584 2080 666 2148 hanc
690 2079 890 2164 disciplinam
914 2116 959 2127 -
982 2077 1474 2162 secundnmpraecepta1⁵

270 2187 384 2269 inquit,
419 2191 456 2254 et
488 2188 700 2255 doctrinam
732 2187 923 2254 hominurn
950 2223 994 2236 -
1018 2185 1241 2270 deputaritiu
1269 2203 1337 2264 ecs,
1368 2183 1424 2266 qni
1529 2270 1532 2271 ⁷

272 2296 369 2377 caput
395 2312 456 2360 non
484 2297 638 2374 tenerent,
666 2292 701 2360 id
725 2298 774 2364 cst
796 2294 915 2377 ipsum,
947 2293 980 2360 in
1003 2311 1066 2376 quo
1090 2291 1198 2360 omnia
1218 2292 1426 2360 recensentur

273 2397 316 2486 [in
341 2396 515 2487 Christum]
539 2400 580 2468 ad
602 2400 730 2465 initium
753 2404 914 2479 reuocata,
942 2399 1040 2466 etiem
1063 2398 1241 2466 differentis
1267 2416 1423 2463 escarum.

273 2507 377 2571 cetera
403 2508 655 2588 praeceptorum,
687 2507 725 2570 ut
752 2505 872 2583 eadem,
905 2504 984 2571 satis
1013 2505 1057 2572 sit
1081 2505 1147 2570 inm
1173 2503 1252 2570 alibi
1275 2502 1425 2598 docuisse

273 2629 368 2696 quam
392 2631 411 2678 a
433 2613 574 2678 creatore
597 2611 764 2690 manarint,
790 2613 855 2699 qui,
879 2630 953 2681 oum
971 2615 1081 2678 uetera
1097 2609 1294 2696 praedicaret
1310 2608 1424 2676 hansi-
1440 2621 1472 2679 ’1

272 2721 345 2784 tura
366 2734 452 2786 noue
473 2716 616 2784 facturus
640 2718 800 2798 uniuersa,
828 2717 980 2785 mandans
1003 2718 1116 2784 etiam:
1148 2718 1287 2783 nouato
1313 2714 1425 2782 nohis

272 2835 456 2889 n'ouamcn
480 2841 627 2902 nonum,
651 2823 715 2888 ium
739 2827 808 2890 tum
833 2823 968 2890 docebat
987 2841 1140 2907 exponere
1158 2825 1300 2889 ueterem
1322 2822 1426 2888 homi·

273 2949 345 2996 nem
370 2933 404 2994 et
426 2949 546 3000 nouum
570 2930 710 2996 induere.

317 3037 373 3102 20.
411 3034 491 3101 Cum
529 3035 774 3118 praedicationis
812 3041 975 3102 enumerat
1011 3037 1210 3115 canentem,
1251 3036 1338 3120 quod
1374 3033 1429 3100 alii

273 3161 310 3208 er
343 3141 461 3214 fiducia
488 3143 690 3208 uinculorum
714 3141 783 3209 eius
811 3143 982 3213 audentius
1011 3163 1187 3211 sermonem
1215 3143 1425 3220 enuntiarent,
1439 3155 1469 3196 ὅ

273 3248 329 3316 alii
366 3268 422 3331 per
458 3248 613 3314 inuidiam
656 3252 705 3321 et.
729 3250 976 3329 contentionem,
1018 3250 1148 3335 quidam
1189 3267 1265 3318 uero
1302 3253 1336 3316 et
1370 3268 1426 3333 per

363 3455 625 3526 operculum.
664 3455 782 3525 11](101.
801 3457 885 3526 2,21.
927 3459 971 3529 12]
992 3458 1025 3512 ci.
1040 3458 1097 3514 001.
1112 3459 1138 3528 2,
1154 3458 1268 3516 18-19.
1306 3457 1423 3528 15]col

274 3546 299 3608 2,
319 3545 362 3597 22.
426 3545 473 3614 20]
494 3543 657 3612 ei.Es.43,
678 3545 960 3610 19;1100r.5,17.
1028 3548 1074 3617 21]
1094 3547 1258 3612 Hier.4,3.
1327 3547 1374 3616 22]
1389 3547 1422 3602 ci.

272 3633 343 3704 Eph.
362 3634 389 3696 4,
408 3633 451 3686 22.
470 3633 514 3688 24.
561 3635 695 3704 24-647,
715 3635 742 3704 2]
763 3633 795 3690 cf.
815 3635 885 3689 Phil.
905 3634 930 3704 1,
951 3637 1055 3690 14-17
1074 3635 1223 3691 secundum
1240 3637 1423 3691 recensionem

273 3721 427 3776 Marcionis.

310 3849 325 3902 6
344 3846 387 3900 lex
410 3846 476 3902 Um:
495 3847 541 3901 lux
559 3847 623 3900 Mle
679 3843 683 3850 ’
707 3848 783 3902 cuius
802 3848 905 3903 addidi
994 3851 1009 3904 7
1029 3866 1144 3920 segrege
1161 3849 1196 3917 R,
1214 3854 1345 3921 segreget
1360 3847 1427 3904 mc

277 3935 308 3988 1-3
328 3934 547 3989 interdictionem
566 3937 601 4004 R,
620 3936 812 3991 interdictione
831 3933 876 4000 M.
893 3938 922 3991 111
940 3938 1098 3993 condicione
1115 3939 1147 3994 F
1199 3938 1231 3994 17
1249 3939 1341 4009 ipsum
1352 3939 1423 3992 Issos:

272 4025 301 4078 in
319 4025 408 4093 ipsum
426 4024 488 4077 MR
526 4025 558 4079 18
578 4025 606 4078 in
626 4025 765 4081 Christum
782 4027 882 4081 seclusi
937 4025 1093 4082 differentia
1109 4027 1220 4096 sospem
1237 4027 1423 4084 indifferentis

273 4111 334 4165 MR
388 4112 613 4168 ecmannum
674 4115 709 4168 22
729 4131 860 4185 exponere
879 4114 960 4179 MR¹‚
979 4115 1114 4185 deponere
1132 4115 1263 4186 R³ueslpo
1317 4116 1422 4170 24111

275 4199 528 4256 COLOSSENSES
547 4201 718 4258 EXPLICIT
736 4203 775 4258 Μ
794 4204 836 4271 (in
853 4221 903 4274 mp.
924 4204 990 4258 add.
1009 4221 1043 4259 m.
1062 4210 1095 4260 1:
1111 4203 1146 4260 sd
1163 4203 1371 4276 philippenses),
1389 4203 1423 4260 de

275 4287 391 4356 epistola
409 4289 444 4343 ad
462 4289 653 4360 Philippenses
672 4291 722 4345 hs
781 4292 816 4348 25
835 4293 980 4350 audentius
998 4294 1033 4362 R,
1052 4294 1208 4348 audientius
1226 4294 1291 4350 MP
