3250 4959
475 437 521 492 VI.
540 438 707 490 Aduersus
726 439 873 492 Praxean
893 439 935 492 27.
1218 441 1281 504 281

118 652 222 696 omne
248 634 343 710 enim,
373 633 595 715 quodcumque
623 633 871 716 transfiguratur
893 631 925 695 in
950 632 1047 710 aliud,
1072 631 1190 698 desinit
1214 653 1284 696 esse

119 739 212 820 quod
240 741 354 816 tuerat,
379 743 412 803 et
430 725 543 822 incipit
566 739 740 821 essequod
763 758 825 803 non
850 742 932 809 erat„
952 738 1029 804 deus
1050 741 1157 804 autern
1180 757 1283 821 neque

118 845 251 910 desinit
279 865 349 911 esse
377 865 479 928 neque
508 845 598 910 aliud
620 849 728 927 potest
752 864 831 910 esse.
862 865 964 910 sermo
993 849 1098 909 autem
1131 845 1221 924 deus,
1251 848 1283 908 et

119 970 255 1016 sermo
284 953 425 1017 domini
453 955 576 1017 manet
599 953 634 1015 in
664 971 808 1028 aeuum,
837 951 1067 1034 perseuerando
1094 951 1221 1016 scilicet
1250 953 1281 1016 in

89 1077 184 1122 esua
213 1059 329 1124 forma
356 1079 451 1143 quem
479 1059 506 1124 si
534 1079 595 1123 non
625 1060 711 1140 capit
737 1058 965 1142 transfigurari,
995 1077 1191 1141 consequens
1222 1062 1281 1136 est,

119 1169 159 1228 ut
184 1166 238 1229 sic
264 1185 336 1231 caro
360 1167 464 1232 factus
488 1167 704 1250 intellegatur,
733 1166 809 1229 dnm
838 1165 875 1229 fit
901 1165 933 1228 in
962 1183 1053 1230 carue
1078 1169 1110 1229 et
1133 1165 1280 1230 manifes-

120 1277 214 1336 tatur
245 1276 279 1337 et
305 1273 433 1338 uidetur
461 1277 493 1338 et
520 1275 735 1337 contrectatur
761 1291 817 1354 per
845 1287 981 1349 carnem,
1017 1272 1089 1355 qnia
1117 1275 1149 1335 et
1178 1277 1282 1336 cetera

120 1379 168 1440 sic
190 1379 301 1460 accipi
318 1380 458 1461 erigunt.
483 1379 510 1442 si
534 1378 617 1442 enirn
642 1397 745 1443 sermo
766 1397 801 1442 er
821 1377 1097 1462 transfiguratione
1117 1382 1149 1442 ot
1173 1378 1280 1442 demu-

119 1486 253 1557 tatione
281 1486 477 1551 substantiae
506 1505 576 1550 caro
605 1486 710 1550 factus
738 1490 797 1565 est,
827 1505 889 1549 una
917 1485 980 1549 iam
1013 1487 1073 1549 erit
1101 1485 1281 1550 substantia

77 1613 103 1653 ro
120 1591 220 1656 Iesus
253 1611 289 1656 er
317 1592 451 1671 duabus,
481 1612 518 1656 ex
546 1611 636 1657 carne
666 1596 699 1657 et
726 1592 852 1677 spiritu,
882 1593 1018 1656 mixtura
1046 1591 1211 1675 quaedam,
1244 1596 1280 1656 ut

122 1699 285 1762 electrum
314 1719 351 1763 er
377 1717 454 1764 anro
483 1702 515 1764 et
543 1702 684 1783 argento,
714 1704 746 1764 et
773 1699 887 1781 incipit
915 1717 971 1763 nec
1001 1719 1113 1764 aurum
1137 1717 1219 1775 esse,
1247 1698 1280 1761 id

122 1807 175 1867 est
200 1805 349 1888 spiritns,
372 1825 476 1888 nequo
495 1809 671 1890 argentum,
696 1805 799 1871 idest
820 1825 901 1884 caro,
927 1805 1001 1869 dum
1022 1805 1155 1869 alterum
1180 1806 1278 1868 altero

122 1914 275 1975 mutatur
293 1915 325 1976 et
343 1913 474 1976 tertium
492 1913 568 1995 quid
589 1912 735 1979 efficitur.
751 1932 853 1996 neque
868 1932 942 1997 ergo
959 1913 1036 1977 deus
1054 1913 1113 1976 erit
1130 1911 1220 1976 Iesus
1235 1948 1279 1957 -

123 2037 234 2084 sermo
251 2019 334 2082 enim
350 2019 446 2083 desiit
464 2038 534 2084 esse
554 2020 608 2101 qui
628 2038 698 2084 caro
713 2020 818 2085 factus
834 2023 884 2084 est
899 2056 941 2068 --
956 2037 1058 2102 nequo
1073 2019 1166 2083 homo
1183 2015 1277 2104 [caro]

82 2148 105 2188 a
124 2145 199 2190 caro
230 2125 316 2190 enim
343 2145 404 2190 non
436 2126 561 2210 proprie
589 2130 639 2191 est
666 2128 721 2207 qui
753 2147 857 2191 sermo
890 2126 962 2192 fuit.
995 2126 1041 2189 ita
1074 2145 1108 2190 er
1142 2128 1278 2206 utroque

124 2235 278 2295 neutrum
302 2232 410 2314 (dum)
433 2238 492 2311 est,
517 2234 604 2298 aliud
627 2233 721 2316 longe
745 2233 877 2297 tertium
901 2237 950 2296 est
974 2251 1066 2315 quarn
1097 2235 1278 2313 utrumque.

125 2338 273 2402 sedenim
291 2340 471 2404 inuenimus
490 2341 583 2404 illum
603 2340 723 2404 directo
744 2343 776 2404 et
799 2340 893 2404 deurn
918 2342 950 2404 et
972 2339 1133 2403 hominem
1159 2337 1278 2420 erposi-

126 2452 208 2520 tum,
244 2445 314 2526 ipso
346 2445 406 2510 hoc
438 2447 560 2528 psalmo
595 2450 801 2529 suggerente:
835 2445 1009 2528 quoniam
1043 2447 1135 2510 deus
1169 2445 1276 2508 homo

125 2553 242 2616 natus
268 2555 327 2616 est
349 2551 483 2628 inilia,
504 2557 540 2616 et
564 2552 790 2619 aedificauit
814 2573 892 2617 eam
917 2553 1116 2617 uoluntate
1140 2552 1278 2635 patris;

84 2681 110 2720 ao
127 2660 214 2720 certe
239 2677 468 2741 usquequaque
497 2659 598 2724 filium
627 2658 678 2722 dei
702 2664 734 2723 et
762 2659 863 2724 filium
891 2659 1039 2737 hominis,
1070 2654 1154 2744 [oum
1183 2658 1277 2722 deum

127 2769 159 2825 et
181 2763 360 2853 hominem]
390 2765 457 2829 sine
485 2764 581 2830 dnbio
610 2766 784 2830 secundum
813 2769 981 2848 utramque
1010 2765 1220 2830 substantiam
1246 2765 1278 2828 in

128 2889 187 2933 sua
211 2872 407 2953 proprietate
426 2871 607 2950 distantem,
632 2873 708 2955 quia
730 2892 831 2955 neque
851 2892 953 2936 sermo
975 2871 1061 2935 aliud
1081 2890 1175 2953 quam
1201 2872 1278 2937 deus

127 2995 233 3058 neque
262 2996 334 3042 caro
364 2977 451 3041 aliud
480 2997 573 3060 quam
602 2979 708 3044 homo.
742 2981 789 3043 sic
819 2983 851 3044 et
879 2978 1045 3060 apostolus
1074 2977 1112 3041 de
1146 2982 1279 3061 utraque

129 3085 200 3149 eius
226 3084 409 3149 substantia
432 3085 539 3150 docet:
564 3086 633 3168 qui
656 3086 794 3150 factus
820 3089 892 3162 est,
920 3086 1034 3168 inquit,
1061 3086 1278 3149 exsemine

87 3188 280 3254 seDanid:
313 3191 366 3256 hic
399 3191 459 3255 erit
490 3193 586 3257 homo
620 3195 652 3256 et
683 3192 768 3256 filius
796 3192 945 3268 hominis,
980 3191 1046 3274 qui
1076 3191 1278 3255 definitus

131 3299 195 3361 est
226 3297 348 3362 silius
383 3297 445 3361 dei
479 3297 703 3362 secundum
732 3299 943 3381 spiritum:
972 3298 1024 3362 hic
1058 3298 1117 3361 erit
1141 3297 1218 3362 dens
1248 3301 1280 3362 et

131 3400 259 3490 [sermo]
288 3405 338 3469 dei
366 3403 463 3468 filius.
492 3405 640 3468 uidemus
670 3405 829 3488 duplicem
859 3409 990 3480 statum,
1015 3425 1076 3468 non
1101 3405 1278 3478 confusum,

131 3509 187 3572 sed
215 3511 432 3589 coniunctum,
462 3511 494 3575 in
523 3532 583 3575 uno
612 3531 756 3593 persona,
790 3513 885 3576 deum
910 3517 941 3576 et
969 3512 1130 3575 hominem
1159 3511 1278 3592 Iesum,

221 3684 266 3752 rs]
285 3684 330 3736 rs.
349 3684 391 3744 eo.
412 3687 436 3738 5.
491 3686 608 3754 24-26]
628 3685 707 3738 nom.
728 3685 752 3752 1,
771 3686 851 3738 a-r.

166 3811 183 3862 2
205 3826 261 3863 non
284 3826 335 3864 ora.
358 3809 389 3863 F
440 3812 458 3864 4
481 3814 619 3865 aeternum
643 3812 670 3863 P
691 3818 772 3874 (corr.
796 3811 825 3865 R
848 3812 878 3863 ira
902 3827 997 3863 aeuum
1022 3827 1055 3863 ea
1074 3810 1279 3879 Hireaupicaec)

133 3899 356 3969 transfigurari
378 3900 444 3954 Urs:
462 3899 624 3970 configurari
643 3900 733 3952 PMF
794 3901 862 3954 ont
880 3899 988 3966 PMR²‚
1008 3901 1045 3952 sit
1062 3899 1131 3953 FR³
1194 3901 1282 3954 9erit

137 3985 201 4041 Urs.-
224 3992 283 4041 erat
304 3988 396 4042 PMF
449 3990 482 4042 10
505 3991 622 4042 mixtura
643 3989 713 4056 PM,
737 4007 767 4042 ex
790 3989 908 4042 mixtura
926 3989 956 4042 F
1009 3991 1039 4041 ll
1062 3988 1088 4040 id
1109 3991 1151 4040 est
1170 3989 1281 4058 spiritus

133 4076 228 4128 om.F
281 4078 313 4131 13
323 4078 505 4145 parentteas'a
517 4078 647 4132 indicaui
697 4079 730 4131 14
745 4095 805 4132 caro
822 4079 920 4132 seclraaa'
971 4079 1003 4130 15
1018 4093 1070 4131 non
1088 4094 1138 4131 om.
1153 4077 1183 4129 F
1235 4077 1281 4146 qui

137 4160 200 4218 Urs:
215 4169 278 4233 qnia
293 4166 383 4219 PMF
427 4170 460 4221 16
474 4167 538 4221 dnm
553 4167 618 4220 add
632 4168 697 4235 Eup
743 4168 776 4221 19
791 4171 819 4220 et
834 4166 989 4221 aedificauit
1002 4165 1111 4233 PMR1,
1127 4165 1283 4220 aedificauit

134 4253 290 4325 rmauqo
344 4257 379 4310 20
398 4273 458 4310 curn
478 4257 557 4309 deum
578 4260 605 4309 et
623 4255 759 4310 hominem
777 4257 892 4310 reclusi:
908 4271 941 4308 ecc
954 4271 982 4308 a.
998 4258 1036 4307 17
1049 4255 1190 4322 irrepsisse
1203 4255 1280 4308 aide-

137 4350 179 4396 τον
233 4346 268 4398 27
288 4361 375 4398 sermo
393 4347 506 4400 seclusi:
525 4363 611 4399 sermo
628 4345 724 4414 <dei,>
741 4346 784 4398 dei
802 4346 876 4399 filius
895 4345 960 4413 Eup
