3250 4959
277 410 341 473 494
507 404 624 471 Quinti
643 406 785 476 Septimi
803 405 976 460 Florentis
994 403 1203 460 Tertulliani

276 599 346 682 ipse
368 617 426 683 per
448 599 571 664 caelum
590 601 740 665 creaioris
758 601 846 664 uiam
864 603 1001 683 ruperat.
1025 603 1083 664 aut
1103 597 1237 682 proinde
1257 601 1292 662 ct
1312 596 1427 662 nubilo

276 705 428 770 creatoris
450 706 589 788 precario
612 725 692 772 usus
717 709 786 772 est?
809 709 919 789 itaque
936 725 996 772 nec
1012 723 1095 771 nuuc
1113 707 1205 770 muta
1224 704 1328 768 nubes
1350 703 1427 784 tuit,

209 845 212 852 =
276 812 334 878 sed
355 831 417 878 uox
441 812 537 878 solita
564 812 602 878 de
631 815 717 878 caelo
747 815 780 878 et
806 814 906 898 patris
934 832 1053 878 nouum
1079 813 1302 878 testimouium
1329 829 1429 894 super

275 918 353 998 tilio,
376 919 416 984 ad
440 937 535 1002 quem
552 919 741 985 insecundo
765 921 906 1004 psalmo:
928 918 1052 984 iilius
1074 937 1185 984 meus
1208 937 1249 984 es
1272 921 1329 996 tu,
1353 936 1426 1001 ego

275 1024 395 1090 hodie
433 1026 555 1112 genui
590 1030 640 1104 te,
678 1026 716 1091 de
754 1045 817 1110 quo
855 1029 889 1090 et
918 1044 974 1108 per
1003 1025 1147 1092 Esaiame
1181 1026 1273 1108 quis
1308 1023 1424 1088 deum
1456 1043 1474 1084 a

274 1135 481 1197 metuens?
505 1132 646 1197 audiat
672 1151 811 1198 uocem
840 1133 928 1198 filii
955 1132 1056 1197 eins.
1079 1132 1188 1215 itaque
1213 1133 1279 1196 iam
1301 1149 1424 1215 reprae

276 1239 403 1303 sentaus
418 1257 491 1304 eum
503 1239 620 1303 —hic
634 1242 698 1305 est
710 1239 833 1304 iilius
846 1239 1134 1322 meus-utique
1147 1237 1313 1304 subaudit:
1329 1255 1424 1320 quem

275 1344 452 1427 repromisi.
476 1346 505 1411 si
527 1345 611 1410 cuim
634 1345 818 1428 repromisit
839 1344 1010 1428 aliquando
1035 1348 1067 1410 et
1088 1348 1201 1428 postea
1228 1343 1324 1410 dicit:
1358 1343 1424 1409 hic

276 1455 348 1530 est,
373 1452 442 1516 eius
466 1455 516 1517 est
538 1452 715 1517 exhibentis
739 1470 819 1517 uoce
841 1451 892 1517 uti
912 1453 945 1516 iu
970 1451 1239 1517 demonstratione
1260 1450 1425 1534 promissi,

276 1559 330 1644 qui
354 1558 523 1642 aliquando
546 1560 703 1642 promisit,
727 1577 789 1624 uou
815 1559 895 1639 eius,
920 1559 972 1624 cui
994 1559 1099 1642 possit
1119 1557 1319 1642 responderi:
1343 1557 1424 1642 ‘ipse
1441 1576 1470 1615 ιο

276 1666 359 1731 euim
382 1668 421 1731 tu
445 1665 516 1748 quis
541 1685 575 1732 es
599 1665 653 1748 qui
678 1665 781 1731 dicas:
805 1666 871 1730 hic
900 1668 963 1731 est
992 1665 1113 1730 iilius
1140 1683 1263 1743 meus,
1293 1664 1334 1729 de
1361 1682 1424 1747 quo

275 1791 335 1838 non
349 1772 454 1857 magis
464 1773 659 1856 praemisisti
672 1791 767 1856 quam
776 1772 937 1856 teipsum,
950 1772 1036 1855 quod
1048 1772 1137 1856 prius
1148 1791 1227 1851 eras,
1239 1771 1424 1836 reuelasti’t

275 1879 378 1945 hunc
401 1879 502 1964 igitur
524 1879 678 1945 audite!
703 1882 821 1962 quem?
848 1879 926 1964 <nisi
956 1880 1068 1964 quem>
1095 1879 1134 1943 ab
1161 1879 1254 1944 initio
1284 1877 1425 1943 edixerat

275 1984 468 2051 audiendum
490 1985 670 2052 innomine
693 1987 866 2070 prophetae
890 1987 1037 2069 quoniam
1064 1990 1097 2052 et
1117 1985 1290 2070 prophetes
1316 1983 1424 2049 existi-

274 2093 354 2156 mari
377 2092 515 2157 habebat
537 2111 556 2156 ιι
578 2093 711 2176 populo:
735 2092 984 2176 prophetam,
1006 2091 1112 2176 inquit
1133 2092 1273 2175 Moyses,
1296 2089 1422 2157 susci·
1439 2109 1471 2150 ιι

275 2198 379 2263 tabit
401 2197 516 2263 uobis
540 2198 636 2263 deus
661 2217 703 2262 ex
727 2198 837 2264 filiis
865 2199 1034 2276 uestris,
1063 2198 1240 2265 secuudum
1264 2196 1422 2262 carnalem

276 2304 401 2370 scilicet
433 2323 575 2383 censum,
607 2307 806 2388 tamquam
839 2325 895 2370 me
925 2305 1109 2371 audietis
1138 2304 1261 2369 illum.
1290 2304 1421 2369 omnis

276 2415 411 2476 autem
455 2411 519 2494 qui
558 2411 678 2476 illum
720 2431 793 2477 uon
837 2411 1027 2490 audierit,
1069 2409 1417 2478 exterminabitur

276 2517 406 2582 anima
425 2517 512 2582 eius
532 2516 576 2582 de
595 2519 747 2602 populo
768 2534 851 2583 suo.
871 2519 918 2583 sic
938 2522 972 2584 et
988 2519 1115 2585 Esaias:
1134 2518 1228 2602 quis
1243 2518 1281 2582 iu
1301 2517 1424 2583 uobis

274 2627 455 2690 metuens
479 2623 648 2708 <deumt>
671 2624 865 2690 exaudiat
886 2643 1027 2691 uocem
1050 2625 1136 2690 titii
1156 2625 1254 2703 eius,
1274 2641 1374 2707 quam
1391 2625 1468 2688 et»

275 2732 346 2814 ipse
365 2734 454 2815 pater
472 2731 750 2796 commendaturus
769 2735 850 2796 erat:
871 2732 1026 2797 sistens
1048 2731 1144 2810 enim,
1166 2731 1281 2814 inquit,
1300 2730 1426 2795 uerba

275 2838 364 2902 filii
388 2837 462 2913 sui,
487 2837 621 2902 diceudo
645 2837 785 2904 scilicet:
804 2838 870 2903 hic
889 2837 1425 2914 estfiliusmeusdilectus,

277 2945 381 3010 hunc
405 2944 556 3010 audite.
578 2944 688 3027 itaque
713 2948 746 3012 et
773 2945 801 3010 si
829 2945 915 3012 iacta
940 2945 1107 3011 mandatio
1135 2945 1180 3010 sit
1205 2942 1381 3010 auditionis
1407 2961 1427 3007 a

275 3052 389 3134 Moyse
413 3053 446 3116 et
468 3051 565 3116 Helia
587 3051 618 3116 in
645 3051 818 3131 Christum,
843 3051 900 3117 sed
924 3070 987 3118 uon
1008 3055 1048 3117 ιιι
1069 3053 1109 3117 ab
1132 3052 1196 3117 aiio
1219 3050 1278 3116 deo
1302 3068 1363 3115 uec
1386 3047 1427 3113 ad

276 3159 374 3224 alium
399 3157 573 3236 Christum,
598 3157 653 3222 sed
681 3179 699 3224 a
722 3161 863 3224 creatore
889 3160 922 3224 iu
947 3158 1110 3225 Christum
1138 3159 1218 3237 eius,
1248 3155 1426 3224 secuudum
1442 3169 1472 3212 ὅ

277 3265 493 3331 decessionem
526 3264 644 3329 ueteris
679 3267 712 3329 et
743 3266 978 3330 successionem
1006 3266 1083 3330 noui
1111 3265 1311 3330 testamenti:
1348 3281 1424 3329 uou

275 3373 452 3456 legatus,
471 3370 577 3454 inquit
593 3370 717 3450 Esaias,
736 3391 807 3436 uec
827 3373 1004 3452 nuntius,
1024 3372 1096 3440 sed
1113 3373 1206 3456 ipse
1224 3371 1323 3437 deus
1347 3370 1425 3436 sel·

365 3531 393 3600 4]
412 3529 457 3584 Ps.
476 3530 501 3597 2,
521 3531 545 3584 7.
609 3531 637 3599 5]
655 3530 702 3584 Es.
721 3529 764 3594 50,
785 3531 827 3586 10.
891 3533 919 3602 7]
939 3532 1004 3586 Luc.
1022 3531 1049 3594 9,
1068 3531 1110 3586 35.
1167 3529 1211 3601 11]
1229 3529 1268 3584 ib.
1323 3527 1368 3599 13]
1386 3527 1425 3582 ib.

279 3621 322 3691 15]
341 3619 425 3674 Deut.
446 3619 488 3687 18,
509 3619 550 3673 15.
568 3619 630 3674 Act.
650 3620 675 3684 3,
690 3619 734 3673 22.
786 3620 831 3689 17]
845 3618 907 3675 Act.
922 3621 947 3684 3,
961 3620 1005 3674 23.
1020 3619 1054 3674 ci.
1068 3619 1150 3674 Dent.
1166 3618 1208 3682 18,
1224 3619 1267 3673 ls.
1318 3617 1365 3686 19]
1378 3615 1425 3671 lis.

277 3710 320 3779 50,
342 3709 383 3763 10.
437 3707 484 3780 21]
504 3706 549 3761 lis.
567 3708 611 3771 44,
630 3709 673 3762 26.
728 3707 772 3777 26]
793 3708 946 3772 11ι.63,9.

313 3831 330 3884 2
341 3848 405 3886 usus
419 3834 469 3887 est.
484 3830 578 3901 itaque
591 3831 675 3901 capo
720 3833 736 3886 4
747 3830 781 3886 ad
796 3847 876 3900 quem
889 3833 1002 3901 scripsi:
1012 3835 1093 3900 atque
1102 3829 1174 3896 ΜΒ,
1183 3836 1215 3885 ιιι
1225 3830 1272 3901 qui
1284 3829 1425 3894 Ostiam,

277 3921 441 3991 sequelae
499 3919 527 3974 in
546 3919 663 3974 secundo
682 3919 770 3975 Pam:
788 3921 817 3974 iu
835 3921 922 3990 primo
941 3920 1004 3977 MR
1050 3921 1065 3974 7
1084 3917 1214 3974 subaudit
1230 3917 1344 3988 scripsi:
1361 3917 1426 3972 sub·

277 4008 387 4064 auditur
405 4008 468 4064 MR
512 4009 703 4080 drepromisit
720 4007 760 4064 11ί
805 4009 969 4079 9promissi
986 4007 1034 4074 R',
1055 4009 1180 4079 promisit
1195 4005 1270 4063 ΜΒ1
1315 4005 1351 4062 12
1365 4023 1427 4062 eras

283 4097 349 4154 Urs:
367 4101 426 4152 erat
444 4095 507 4152 MR
562 4098 595 4153 13
613 4097 667 4152 uisi
687 4113 767 4169 quem
787 4097 887 4152 addidi
938 4099 970 4152 17
989 4113 1097 4152 sensum
1119 4095 1171 4152 θοι
1219 4095 1255 4151 20
1273 4095 1354 4151 deum
1373 4095 1426 4150 sd·

279 4213 340 4268 ιιιι
419 4169 461 4267 ιιιΙ
487 4213 524 4267 m
548 4214 568 4278 (ι
595 4230 617 4268 s.
644 4230 673 4268 c.
702 4231 721 4268 a
747 4230 781 4268 o.
809 4218 835 4280 ι)
898 4215 935 4268 ιι
963 4213 1101 4270 cunum
1132 4213 1200 4268 urs.-
1226 4211 1337 4268 casse
1362 4211 1428 4266 ssa

277 4301 377 4371 rascas·
431 4301 577 4372 aliqqu
629 4301 664 4358 26
684 4301 873 4357 decensionem
891 4301 930 4356 M
980 4303 1014 4356 27
1034 4300 1335 4368 sensumsensurn
1352 4300 1428 4355 Pus
