3250 4959
302 355 369 438 644
528 365 647 434 Qulnti
666 367 810 441 Septimi
828 368 1002 426 Florentia
1021 369 1230 426 Tertulliani

301 566 408 634 omnia
417 561 664 651 apparuitiquis
675 566 739 631 soit
747 545 884 649 priorem
893 565 995 632 iusisse
1004 582 1100 650 quom
1108 566 1322 632 essenesciite
1369 564 1456 646 Quo-

301 671 397 741 modo
427 673 507 740 itsm
541 671 618 738 boni
653 670 743 762 duxit
779 689 904 739 omnem
940 671 1172 757 plenitudinem
1207 673 1240 738 in
1276 673 1456 759 semetipso

301 777 466 848 habitare?
497 778 598 864 primo
631 779 726 858 enim,
757 795 838 862 quac
866 781 918 844 est
944 779 1008 845 ista
1030 779 1207 863 plenitudo,
1228 779 1293 845 nisi
1315 799 1354 845 ex
1375 780 1455 858 illis,

301 887 383 972 quas
396 885 537 953 Marcion
558 883 702 966 dotauit,
723 885 862 952 conditis
880 885 912 950 in
932 884 1060 952 Christo
1078 886 1112 951 in
1131 885 1229 952 caelis
1249 889 1281 951 et
1298 887 1330 950 in
1349 888 1454 954 terris.

300 991 423 1081 engolis
447 996 480 1059 et
500 992 696 1073 hominibus,
723 989 786 1058 nisi
810 991 935 1058 axillis
957 992 1177 1059 inuisibilibns
1200 993 1233 1058 et
1253 991 1454 1060 uisibilibuc.
1484 1020 1499 1059 s

300 1099 364 1168 nisi
387 1119 424 1166 er
445 1100 568 1166 thronis
593 1103 626 1165 et
648 1097 919 1166 dominationibus
943 1099 976 1166 ct
997 1099 1230 1184 principatibus
1253 1100 1287 1164 et
1312 1103 1456 1184 potesta-

298 1205 410 1275 tibus?
438 1209 495 1296 ant
522 1205 550 1274 si
577 1205 656 1273 haec
682 1205 945 1291 pseudoapostoli
966 1205 1068 1274 nostri
1091 1208 1125 1273 ot
1146 1206 1269 1272 Iudaici
1292 1209 1457 1294 euangeli-

299 1317 423 1382 tatcres
447 1311 487 1380 dc
510 1330 568 1380 suo
591 1312 767 1394 intulerint,
796 1313 869 1380 edat
891 1313 1123 1397 plenitudinem
1146 1315 1198 1381 dci
1224 1315 1276 1380 sui
1298 1313 1454 1385 Marcion.

299 1418 356 1505 c‘pui
382 1419 463 1486 nihil
490 1419 642 1487 condidit.
677 1431 819 1487 cetorum
842 1420 936 1504 quale
960 1423 1019 1502 ost,
1051 1423 1089 1486 ut
1110 1419 1344 1505 plenitudinem
1369 1439 1455 1486 erea-

298 1523 378 1596 loris
402 1529 548 1594 aemulus
571 1529 604 1592 et
628 1526 807 1594 destructor
830 1527 899 1593 eins
921 1525 954 1593 in
974 1546 1032 1593 sno
1053 1525 1180 1594 Ghnsto
1197 1526 1341 1594 habitare
1360 1527 1452 1592 uoln-
1471 1553 1498 1594 ss

300 1635 382 1701 erit?
415 1633 467 1701 cni
499 1632 633 1716 donique
665 1633 851 1700 reconciliat
883 1632 991 1700 omnis
1020 1633 1054 1700 in
1086 1634 1307 1720 semetipsum,
1339 1653 1451 1718 pacem

299 1742 419 1808 decima
455 1756 512 1826 per
548 1740 653 1807 crucis
690 1757 767 1806 suae
800 1739 1000 1826 sanguinem,
1036 1739 1100 1806 nlsi
1131 1759 1227 1825 quem
1257 1739 1454 1807 offenderant

285 1847 458 1926 uniuersa,
491 1843 646 1912 aduersus
680 1863 773 1930 quem
803 1845 1036 1913 rebellauerant
1066 1863 1123 1929 per
1153 1847 1450 1933 transgressionem,

300 1955 393 2020 cuius
425 1953 600 2020 nouissime
632 1953 780 2019 luerent?
818 1952 980 2019 conciliari
1012 1952 1096 2018 enirn
1128 1956 1275 2019 extraneo
1308 1961 1451 2039 possent

299 2059 497 2126 reconciliari
516 2079 593 2126 uero
611 2077 673 2125 non
693 2059 748 2126 alii
766 2078 862 2144 quam
877 2077 944 2125 suo.
1012 2059 1063 2124 Ita
1077 2060 1110 2124 ot
1123 2077 1183 2125 nos
1196 2060 1353 2142 quondam
1374 2061 1450 2125 alie·
1469 2087 1495 2130 ss

299 2163 391 2232 iratos
424 2170 456 2233 et
481 2165 629 2232 inimicos
655 2185 751 2232 sensu
773 2166 806 2232 in
828 2165 923 2231 malis
947 2164 1096 2249 operibus
1119 2166 1255 2231 creatori
1277 2166 1397 2251 redigit
1417 2169 1449 2233 in

298 2271 444 2360 gratiam,
482 2273 573 2339 cuius
612 2271 843 2339 admiseramus
876 2273 1028 2339 offensam
1060 2271 1201 2338 colentes
1235 2275 1449 2340 conditionem

299 2379 454 2446 aduersus
473 2383 656 2446 creatorem.
684 2379 788 2445 sicubi
811 2381 920 2444 autem
943 2381 976 2444 ot
997 2379 1167 2446 ecclesiam
1189 2397 1306 2466 corpus
1330 2379 1450 2447 Christi

299 2481 379 2552 dicit
392 2505 463 2552 osse
478 2521 519 2533 -
534 2489 572 2552 ut
584 2483 637 2551 hic
651 2485 697 2552 ait
710 2483 885 2572 adimplere
903 2505 938 2552 sc
954 2485 1079 2569 reliqua
1094 2503 1316 2569 pressurarum
1330 2486 1451 2554 Ghnsti

296 2588 330 2658 in
354 2611 454 2660 oame-
468 2611 525 2677 pro
545 2609 674 2677 corpore
693 2592 773 2669 eius,
798 2593 884 2677 quod
906 2596 957 2659 ost
975 2592 1112 2659 ecclesia
1128 2629 1183 2666 -,
1201 2609 1264 2659 non
1282 2597 1450 2678 propterea
1465 2622 1493 2665 so

297 2701 331 2765 et
343 2697 376 2764 in
390 2702 495 2766 totum
513 2699 707 2765 mentionem
726 2701 867 2783 corporis
885 2698 1077 2766 transferens
1097 2718 1115 2764 a
1133 2699 1317 2766 substantia
1334 2703 1447 2766 carnis.

297 2821 370 2871 nam
394 2809 427 2871 et
450 2823 546 2889 snpra
568 2804 765 2870 reconciliari
788 2823 846 2871 nos
870 2804 915 2871 ait
937 2805 970 2871 in
989 2823 1120 2888 corpore
1138 2805 1208 2872 eius
1226 2824 1283 2888 per
1299 2809 1445 2874 morum.

386 2925 621 2997 mercorius.
676 2923 909 2995 sparsorum.
964 2920 1091 2996 5-71cs
1106 2925 1143 2982 u.
1199 2925 1445 2996 succusso.

297 3013 343 3086 15]
359 3013 552 3078 uocum.
591 3013 634 3085 ιτ]
650 3013 776 3071 σηοω.
792 3015 816 3084 1,
831 3015 875 3070 25.
912 3013 1160 3085 sapescunss.
1195 3013 1446 3085 caraecarae,

301 3149 305 3158 ·
331 3119 349 3174 2
366 3121 434 3176 item
447 3119 518 3184 MP,
533 3123 623 3176 autom
639 3120 666 3174 li
716 3121 732 3174 3
747 3124 790 3175 ost
803 3123 835 3189 (c.
850 3134 878 3174 ss.
893 3135 913 3175 α
924 3137 960 3176 m.
976 3121 1001 3192 1)
1014 3120 1053 3174 Μ
1099 3123 1115 3176 ‘l
1130 3120 1353 3192 pseudoapostoli
1365 3121 1446 3186 mo,

294 3210 501 3283 pseudapostoli
518 3209 650 3280 rampo
694 3209 796 3264 {ledat
811 3210 925 3279 σαίρω
946 3214 975 3264 et
992 3209 1028 3264 ad
1045 3209 1107 3264 MR
1142 3208 1310 3277 tcondidit
1326 3215 1447 3266 ceterum

295 3300 381 3372 scalpo
437 3301 470 3354 13
488 3299 617 3354 uniuersa
634 3298 672 3352 13¹
681 3315 743 3369 ηιμ,
761 3314 817 3352 nna
834 3299 895 3368 ipsa
912 3298 976 3356 MR
1030 3299 1066 3354 14
1083 3299 1193 3354 nouisse
1210 3297 1250 3354 12²
1306 3300 1342 3355 20
1359 3300 1447 3355 sserto

296 3388 370 3460 quod
398 3391 525 3460 cst-per
552 3389 667 3442 mortam
695 3388 725 3455 (l.
753 3390 804 3457 22)
831 3386 863 3441 irs
888 3387 962 3442 ΜΕ1
985 3387 1029 3442 bs‘s
1055 3386 1195 3459 teporatur,
1219 3387 1269 3442 red
1289 3387 1342 3443 lsoe
1366 3388 1447 3443 ssodo

294 3477 429 3532 andulo:
451 3475 525 3546 quod
548 3481 590 3531 est
612 3476 641 3530 in
663 3475 787 3543 ecclesia,
811 3492 867 3529 non
889 3478 1033 3546 propterea
1055 3477 1085 3530 et
1110 3475 1139 3529 in
1166 3478 1256 3530 totum
1282 3477 1447 3530 mentionem

294 3565 415 3637 corporis
433 3565 580 3620 transferes
596 3569 669 3634 (cns
683 3564 729 3633 Μ)
744 3582 760 3619 a
774 3565 932 3621 substantia
946 3565 1042 3620 carnis.
1059 3581 1124 3619 nam
1137 3568 1167 3618 et
1179 3581 1262 3634 snpra
1279 3565 1448 3620 reconciliari

294 3671 344 3709 nos
363 3655 450 3710 sitin
474 3671 585 3726 corpore
609 3655 667 3709 eius
690 3657 777 3710 morto
790 3653 802 3726 ‘l
816 3654 889 3725 qnod
911 3659 956 3709 est
979 3653 1101 3720 eeclesia,
1123 3651 1182 3708 sed
1203 3671 1267 3708 non
1289 3671 1447 3725 prospere

296 3751 329 3798 et
351 3746 379 3798 in
402 3743 828 3801 totum...transleres...eius
850 3759 909 3814 per
930 3747 1081 3798 mortem:
1100 3759 1172 3812 pesae
1187 3743 1307 3799 κακὼ
1326 3743 1386 3799 loco
1402 3743 1447 3798 s'ss·

293 3833 447 3888 mutamur
464 3833 545 3889 scioli
562 3833 707 3890 cuiusdam
725 3829 911 3888 mandatoris
929 3849 984 3888 ease
1000 3831 1071 3888 raalai
1087 3833 1197 3904 quidem
1212 3847 1381 3902 peresam
1397 3841 1447 3898 est,

295 3927 406 3977 lentam
423 3921 498 3992 quod
513 3921 700 3991 recipiendum
717 3921 786 3976 mdss'
803 3921 916 3975 uiduus·
932 3937 982 3992 per
998 3922 1114 3976 mortem
1133 3923 1178 3990 (=
1193 3919 1236 3973 ceo
1254 3927 1301 3975 roo
1319 3919 1449 3983 θανάτου)

289 4025 345 4082 pro
363 4013 451 4064 morte
470 4015 496 4066 et
514 4009 629 4065 ecclosm
641 4025 696 4079 pro
714 4011 744 4064 in
763 4009 885 4065 ecclesia.
910 4014 1080 4080 quodpropter
1102 4009 1254 4080 eaenplssss
1271 4007 1407 4066 Btmsi
1423 4024 1448 4070 er

294 4105 444 4156 ceterorum
465 4097 539 4155 inter
560 4099 647 4154 uerbo
668 4093 737 4154 daec
758 4099 950 4168 recipientium
972 4099 1050 4169 sepsos¹
1071 4099 1159 4157 noted.
1187 4097 1315 4169 laudm
1343 4103 1447 4155 mres.-

295 4189 349 4243 ctai
367 4187 509 4259 apostolus
529 4205 625 4258 corpus
640 4186 742 4244 Christi
758 4187 900 4243 ecelesiam
914 4187 982 4242 dicit
996 4204 1064 4257 esse,
1078 4205 1133 4243 non
1146 4191 1239 4243 umen
1253 4189 1304 4256 lta,
1318 4191 1352 4242 ut
1364 4189 1447 4242 ‘men-

295 4275 400 4331 tionem
418 4275 501 4348 (‚,dea
519 4277 652 4348 Beprs'ffl')
672 4277 800 4349 corporis*
820 4276 848 4332 in
872 4279 962 4332 totum
984 4280 1125 4333 remaneat
1142 4295 1159 4332 a
1177 4277 1335 4332 substantie
1352 4275 1445 4332 camis.
