3250 4959
361 375 425 429 l'll.
444 376 612 430 Aduersus
630 377 830 430 Marcionem
849 376 896 430 lib.
915 376 929 429 Ι
948 376 1063 430 21-2‘2.
1223 379 1287 442 319

134 573 188 636 dei
212 573 349 650 bonitas,
369 575 391 654 †
409 574 529 656 primae
548 575 623 638 huic
642 574 770 657 regulae
790 573 916 637 diuinae
935 572 1088 638 bonitatis
1110 591 1285 648 occurrens,
1307 633 1311 643 ,

133 680 162 742 si
192 698 230 744 se
258 681 433 745 naturalem
454 679 608 763 probaret.
633 681 742 744 statim
767 699 965 754 succurram,
990 685 1027 742 ut
1051 699 1147 744 causa
1171 680 1285 762 coepit.

133 785 244 851 omnia
276 787 360 852 euim
387 788 419 851 in
449 787 506 850 dee
535 787 691 851 naturalia
720 791 752 851 et
779 786 921 869 ingenita
948 805 1018 851 esse
1047 786 1217 861 debebunt,
1251 791 1287 849 ut

132 893 202 956 sint
215 896 352 969 aeterna,
373 894 548 957 seeundum
564 896 683 958 statum
703 894 816 976 ipsius.
837 911 875 956 ne
890 893 1071 958 obuoutioia
1090 898 1122 957 et
1142 896 1286 958 extranea

94 1002 323 1078 amputentur
346 1018 382 1063 ac
405 1018 460 1080 per
477 999 537 1064 hec
561 1000 749 1082 temporalia
773 1004 805 1061 et
829 999 1024 1064 aeternitatis
1049 1000 1160 1063 aliena.
1184 999 1231 1062 ita
1255 1005 1286 1062 et

132 1104 261 1168 bonitas
289 1106 434 1188 perennis
464 1111 496 1170 et
518 1106 604 1189 iugis
633 1106 776 1190 erigetur
804 1106 836 1169 in
865 1106 934 1182 deo,
965 1125 1044 1187 quae
1072 1106 1103 1170 iu
1127 1107 1285 1170 thesauris

131 1211 329 1276 naturalium
349 1214 578 1294 proprietatum
598 1214 738 1297 reposita
762 1221 794 1278 et
817 1219 925 1297 parata
950 1213 1149 1277 antecederet
1172 1231 1284 1278 causas

132 1328 168 1380 et
190 1320 343 1383 materias
368 1339 452 1395 suas,
483 1324 515 1383 et
537 1321 671 1401 primam
696 1339 855 1402 quamque
880 1321 1067 1401 susciperet,
1097 1338 1157 1384 nou
1182 1319 1286 1401 despi-

131 1429 222 1487 ceret
239 1429 272 1488 et
291 1425 488 1502 destitueret,
514 1427 541 1490 si
561 1427 776 1492 antecedebat.
801 1427 937 1509 denique
962 1446 1021 1491 non
1047 1427 1152 1491 miuus
1178 1428 1209 1490 et
1232 1426 1283 1490 hic

83 1552 111 1590 ro
131 1549 296 1611 quaeram,
321 1551 377 1596 eur
395 1553 455 1598 non
479 1553 497 1596 a
519 1533 692 1616 primordio
718 1537 846 1615 operata
870 1534 912 1597 sit
934 1532 1060 1598 benitas
1084 1533 1163 1608 eiua,
1188 1551 1282 1615 quam

132 1635 174 1700 de
211 1637 282 1718 ipso
320 1639 549 1720 quaesiuimuS,
584 1657 639 1702 eur
671 1659 731 1702 non
764 1658 782 1702 a
815 1637 986 1720 primordio
1020 1637 1063 1701 sit
1099 1636 1282 1701 reuolutus?

132 1743 268 1824 quidni?
310 1746 364 1826 qui
392 1765 447 1827 per
477 1746 651 1810 bonitatem
680 1746 815 1809 reuelari
843 1746 983 1822 haberet,
1017 1745 1045 1808 si
1073 1745 1127 1827 qui
1155 1745 1281 1809 fuisset.

131 1869 195 1913 nou
220 1869 314 1931 posse
337 1851 413 1933 quid
438 1853 497 1917 deo
521 1853 691 1928 nonlicet,
721 1852 837 1916 nedum
868 1851 1065 1916 naturalibus
1090 1852 1157 1916 suis
1181 1852 1280 1936 fungi.

131 1976 216 2038 quae
245 1958 272 2020 si
297 1959 506 2035 continentur,
536 1977 598 2040 quo
622 1959 727 2023 minus
752 1962 887 2034 currant,
917 1959 1073 2021 naturalia
1096 1976 1157 2021 uon
1182 1965 1281 2024 eruut.

84 2083 109 2123 rs
130 2067 164 2126 et
188 2062 293 2126 otium
318 2063 400 2128 euim
426 2066 476 2128 sui
501 2070 614 2130 uatum
636 2084 697 2129 uon
722 2065 827 2140 uouit;
866 2065 935 2128 hinc
961 2068 1117 2139 censetur,
1147 2064 1173 2128 si
1198 2071 1280 2146 agat.

130 2171 179 2234 sic
198 2189 256 2233 nec
274 2172 416 2236 noluisse
440 2171 601 2236 uidebitur
626 2191 767 2236 exercere
792 2171 979 2244 bonitatem,
1003 2170 1129 2233 iuterim
1148 2174 1279 2235 naturae

129 2276 269 2340 nomine.
306 2282 419 2342 natura
438 2278 521 2341 enim
541 2297 575 2342 se
599 2297 659 2342 nou
679 2282 786 2359 potest
809 2278 904 2352 nolle,
929 2295 1009 2358 quae
1034 2296 1067 2340 se
1091 2277 1137 2340 ita
1161 2277 1279 2361 dirigit.

130 2388 178 2459 ut,
213 2383 241 2446 si
269 2385 454 2458 cessauerit,
492 2404 552 2448 uon
582 2385 633 2448 sit.
672 2384 730 2448 sed
767 2384 907 2448 cessauit
944 2383 1112 2465 aliquando
1151 2384 1182 2447 iu
1221 2385 1278 2448 deo

129 2490 303 2554 Marcionis
333 2490 371 2554 de
399 2510 491 2572 opere
519 2491 658 2555 bouitas:
692 2510 766 2574 ergo
794 2509 856 2554 uon
881 2491 943 2554 fuit
965 2489 1118 2554 naturalis
1142 2490 1278 2568 horitur,

45 2626 48 2629 ·
81 2619 110 2658 ro
130 2617 213 2678 quae
232 2597 340 2679 potuit
357 2597 525 2681 aliquando
547 2618 699 2676 cessasse,
724 2599 807 2678 quod
832 2597 1028 2662 naturalibus
1053 2618 1113 2662 non
1137 2598 1223 2662 licet.
1248 2603 1280 2662 et

130 2704 158 2767 si
187 2723 250 2767 non
275 2705 334 2767 erit
356 2705 519 2778 naturalis,
543 2706 606 2769 iam
630 2725 687 2769 nee
711 2709 836 2768 aeterna
864 2705 1017 2769 credenda
1046 2724 1102 2769 nee
1131 2705 1188 2768 deo
1212 2724 1277 2786 par.

130 2811 286 2892 quianon
306 2816 441 2890 aeterna,
464 2812 539 2875 dum
559 2831 620 2876 uon
640 2813 804 2888 naturalis,
829 2831 909 2892 quae
929 2812 1063 2893 denique
1083 2811 1202 2876 nullam
1228 2812 1277 2876 sui

128 2918 378 3000 perpetuitatem
406 2921 462 2981 aut
485 2919 522 2982 de
549 2920 719 3000 praeterito
749 2920 924 2983 constituat
952 2923 1007 2982 aut
1035 2919 1072 2982 de
1101 2919 1207 2982 futuru
1231 2939 1277 2981 re-

127 3025 307 3106 promittat.
341 3045 413 3089 nam
442 3030 478 3088 ut
505 3046 524 3090 a
550 3027 722 3107 primordio
756 3047 817 3090 uon
850 3027 921 3103 fuit,
956 3029 989 3090 et
1021 3026 1052 3090 iu
1085 3025 1177 3090 finem
1211 3027 1277 3089 siue

82 3153 107 3190 a
129 3130 227 3194 dubio
261 3150 321 3195 nou
356 3133 425 3195 erit.
465 3135 574 3213 potest
602 3133 683 3196 euim
713 3136 745 3197 et
773 3152 834 3196 non
863 3152 933 3197 esse
962 3132 1159 3215 quaudoque,
1193 3132 1278 3198 sicut

127 3257 190 3302 uon
214 3237 278 3301 fuit
300 3238 478 3319 aliquando.
515 3239 614 3322 igitur
638 3259 710 3303 oum
734 3243 859 3304 constet
881 3241 912 3303 iu
938 3238 1108 3323 primordio
1133 3257 1276 3302 cessasse

125 3343 303 3409 bonitatem
323 3344 374 3408 dei
391 3345 479 3409 illius
500 3383 542 3390 —
560 3347 653 3428 (uon)
673 3346 756 3409 enim
775 3365 794 3408 a
811 3346 984 3428 primordio
1003 3345 1153 3409 liberauit
1175 3345 1274 3408 homi-

127 3469 199 3513 nem
229 3487 272 3496 —-
301 3455 333 3514 et
365 3451 528 3516 uoluntate
552 3453 660 3534 potius
689 3472 756 3516 eam
786 3471 880 3533 quam
909 3450 1092 3515 infirmitate
1121 3469 1274 3516 cessasse.

126 3557 191 3620 iam
212 3559 361 3621 uoluntas
381 3560 571 3640 subpressae
591 3559 740 3624 bonitatis
758 3558 830 3622 linis
854 3559 1034 3623 inuenietur
1058 3557 1274 3640 malignitatis

165 3732 178 3782 l
197 3731 285 3784 uerbo
303 3731 583 3800 primae—occurrens
601 3738 625 3785 et
645 3732 867 3800 statim-coepit
885 3732 960 3796 (1.2)
980 3748 1030 3784 suo
1045 3732 1104 3784 loeo
1119 3736 1212 3785 extare
1225 3732 1275 3783 uin:

127 3819 302 3885 crediderim
319 3820 345 3872 ei
362 3835 450 3886 supro
469 3822 534 3882 318,
559 3823 599 3872 27
616 3829 679 3888 post
697 3820 813 3873 inueniri
830 3820 986 3886 inserueris,
1006 3819 1079 3872 otttt
1098 3818 1273 3871 desiderabis.

126 3909 143 3958 ‘2
154 3907 246 3977 coepit
253 3905 289 3974 R,
299 3908 372 3977 cepit
381 3907 446 3960 ΜΡ
492 3911 509 3962 4
520 3908 676 3962 obuentioia
684 3909 727 3972 M,
737 3909 912 3962 obuenientia
921 3908 948 3962 R
959 3909 1042 3977 rurlpo
1091 3909 1107 3960 9
1122 3924 1175 3960 nou
1186 3909 1274 3961 minus

127 3996 537 4062 uthicM,uthicnoumiuuuR
575 3996 787 4065 12quiduisLut
827 3997 1134 4065 ltquaesiR,quasill
1172 3999 1274 4066 15agat

129 4084 309 4138 Cresconius:
320 4091 418 4154 agetur
426 4085 489 4140 MR
527 4088 558 4138 17
570 4103 598 4138 se
608 4085 682 4139 urar
692 4087 797 4153 (priore
808 4087 884 4152 loco),
899 4087 921 4138 si
935 4086 968 4139 m
1011 4088 1042 4140 le
1054 4087 1273 4154 cessaueritfort.

128 4173 160 4225 19
175 4173 284 4228 bonitas
297 4174 384 4227 Pom:
399 4175 532 4228 bonitatis
546 4174 608 4228 MR
662 4176 697 4227 24
710 4175 863 4227 uam—erit
883 4175 924 4228 ete
939 4175 967 4227 in
983 4175 1019 4226 ll
1031 4181 1189 4242 cooaparoat
1243 4185 1274 4228 ut

127 4277 143 4314 a
160 4260 308 4330 primordio
323 4262 435 4329 arripui:
456 4265 484 4315 et
498 4279 514 4316 a
528 4263 673 4331 primordio
689 4263 750 4318 MR
804 4264 838 4316 27
857 4265 950 4331 <nou>
968 4264 1037 4316 euim
1054 4264 1099 4331 Hi,
1116 4265 1184 4316 enim
1200 4263 1273 4317 ΙΙΙΗι
