3250 4959
451 342 509 400 Vll.
529 346 696 400 Aduersus
716 346 913 400 Marcionem
934 345 981 398 lib.
1001 346 1024 398 V
1044 347 1086 400 17.
1271 350 1336 413 637

180 543 280 624 quasi
304 542 420 606 carnali
443 543 523 606 uitio
549 538 634 628 [non]
659 540 783 606 Christo
808 542 959 605 aemulae.
983 541 1087 604 sicubi
1111 540 1187 605 alibi
1207 541 1279 618 dixi,
1305 547 1340 606 et

179 649 251 723 hie,
276 667 336 712 non
360 647 550 724 Marrucine,
575 648 630 712 sed
655 645 799 712 Pontice:
826 647 918 712 euius
942 667 1038 730 supra
1061 649 1245 730 sanguinem
1267 667 1336 713 oon-

182 755 295 820 fessus
310 773 355 833 oe,
370 755 422 818 hie
436 773 534 838 negas
555 759 701 819 carnem?
771 753 805 820 Si
820 755 942 838 legem
956 759 1242 835 praeceptorum
1259 773 1336 819 sen·

185 861 323 928 tentiis
346 880 501 926 uacuam
521 862 622 941 iecit,
639 860 897 944 —adimplendo
913 861 1129 945 certelegom3
1146 864 1240 925 uacat
1253 861 1337 925 enim

137 989 157 1028 a
186 968 267 1032 iam:
297 987 366 1033 non
400 967 646 1044 adulterabis,
672 987 744 1031 cum
769 967 899 1031 dicitur:
933 972 1000 1032 ‘neo
1033 968 1158 1032 uidebis
1192 967 1230 1030 ad
1264 985 1336 1030 con-

190 1074 437 1158 cupiscendum',
466 1079 573 1138 uacat:
598 1094 666 1139 non
697 1074 860 1147 occides,
889 1093 962 1138 cum
991 1075 1121 1139 dieitur:
1146 1080 1214 1138 ‘neo
1241 1074 1337 1137 male-

190 1181 302 1256 dices¹;
327 1179 543 1244 aduersarium
567 1181 648 1264 legis
673 1179 711 1244 de
736 1180 880 1244 adiutore
903 1199 964 1244 non
988 1184 1079 1262 potes
1103 1181 1205 1245 facere
1229 1188 1339 1245 -ut

190 1286 281 1352 duos
306 1288 484 1351 conderet
505 1287 541 1350 in
566 1288 771 1369 semetipso
795 1288 914 1369 —qui
937 1287 1056 1351 iecerat
1078 1287 1161 1352 idem
1186 1287 1338 1366 condens,

189 1391 363 1458 secundum
385 1392 469 1474 quod
489 1397 522 1457 et
540 1413 649 1476 supra:
673 1393 798 1475 ipsius
819 1394 914 1458 enim
934 1394 1082 1457 iactura
1102 1413 1231 1458 sumus
1256 1412 1337 1458 con·

134 1515 170 1554 1⁰
191 1500 263 1564 diti
294 1499 330 1563 in
365 1497 515 1564 Christo
539 1499 642 1562 -in
667 1519 778 1563 unum
802 1520 940 1564 nouum
970 1500 1168 1574 hominem,
1190 1499 1337 1565 faciens

189 1623 316 1688 paoem
336 1603 426 1667 -si
451 1622 524 1668 uere
553 1623 683 1682 nouum,
708 1624 781 1669 uere
805 1608 838 1668 et
860 1606 1030 1682 hominem,
1055 1624 1116 1669 non
1139 1605 1336 1688 phantasma,

189 1731 307 1779 nouum
341 1717 458 1789 autem,
482 1716 518 1775 ut
550 1731 632 1776 noue
665 1717 774 1777 natum
802 1732 838 1775 ex
869 1712 993 1795 uirgine
1017 1713 1068 1776 dei
1091 1713 1205 1795 spiritu
1229 1748 1273 1758 -—
1297 1719 1340 1778 ut

189 1818 417 1883 reconciliet
453 1819 582 1882 ambos
607 1819 673 1883 deo
698 1855 740 1865 —
764 1823 796 1883 et
820 1818 889 1894 deo,
914 1837 1008 1900 quem
1036 1822 1208 1900 utmmque
1237 1837 1337 1902 genus

190 1925 369 2000 offenderat,
390 1928 422 1988 et
440 1923 604 1989 Iudaicum
624 1929 657 1989 et
680 1926 798 2009 gentile
817 1961 860 1970 —
879 1926 915 1988 in
939 1944 1010 1988 uno
1035 1943 1199 2006 corpore,
1222 1925 1337 2006 inquit,

142 2049 171 2091 1⁵
190 2050 272 2096 oum
295 2030 562 2098 interfecisset
584 2032 826 2096 inimicitiam
851 2033 886 2096 in
911 2051 951 2096 eo
971 2051 1036 2114 per
1054 2050 1216 2096 crucem:
1241 2031 1287 2096 ita
1306 2035 1340 2096 et

189 2139 242 2202 hio
274 2155 346 2203 earo
380 2158 492 2221 corpus
525 2139 556 2202 in
591 2138 727 2216 Christo,
761 2138 846 2220 quod
879 2157 1006 2203 erucem
1033 2139 1100 2221 pati
1127 2139 1244 2220 potuit.
1277 2137 1338 2202 hoe

189 2246 297 2328 itaque
331 2245 535 2310 adnuntiante
567 2265 677 2328 pacem
712 2247 758 2311 eis
791 2247 846 2328 qui
878 2265 975 2329 prope
1007 2252 1039 2309 et
1071 2246 1118 2310 eis
1152 2247 1206 2328 qui
1232 2246 1337 2330 longe,

189 2370 355 2416 accessum
380 2353 543 2417 consecuti
567 2353 665 2416 simul
689 2353 727 2418 ad
750 2358 871 2435 patrem
900 2353 970 2416 iam
999 2372 1069 2417 non
1098 2372 1209 2418 sumus
1236 2371 1338 2436 pere·

190 2459 289 2542 grini
313 2463 350 2522 et
373 2459 549 2534 aduenae,
581 2460 646 2524 sed
670 2460 849 2524 concines
875 2463 1101 2535 sanctorum,
1131 2459 1195 2525 sed
1219 2459 1338 2524 deme·

145 2583 173 2625 ao
191 2566 283 2629 stioi
312 2565 382 2644 dei,
414 2601 456 2611 -
484 2565 596 2647 utique
627 2567 706 2640 eius,
740 2585 758 2630 a
787 2586 848 2649 quo
873 2586 970 2649 supra
993 2564 1191 2630 ostendimus
1215 2566 1338 2630 alienos

191 2671 291 2736 fuisse
315 2691 372 2735 nos
397 2676 429 2736 et
451 2672 544 2754 longe
573 2671 765 2736 constitutos
798 2709 842 2717 —
875 2673 1190 2754 superaedificati
1224 2691 1338 2755 super

190 2777 472 2842 fundamentum
506 2779 777 2858 apostolorum.
810 2777 945 2841 abstulit
967 2779 1160 2842 haereticus:
1194 2782 1231 2842 et
1258 2797 1337 2859 pro-

190 2885 398 2964 phetarum,
424 2883 542 2948 oblitus
568 2884 728 2948 dominum
753 2885 902 2966 posuisse
929 2884 961 2948 in
993 2885 1129 2948 eeclesia
1155 2885 1241 2949 siout
1263 2903 1336 2966 apo-

191 2991 290 3055 stolos
321 2991 368 3054 ita
395 2994 428 3054 et
454 2992 635 3073 prophetas.
669 2991 697 3054 si
725 3010 785 3055 nou
810 2992 929 3066 timuit,
954 3009 993 3054 ne
1017 2995 1048 3054 et
1073 3010 1168 3072 super
1191 2995 1336 3054 ueterum

148 3114 173 3154 aa
192 3096 416 3179 prophetarum
456 3096 696 3161 fundamentum
738 3097 914 3161 aedificatio
951 3100 1060 3161 nostra
1101 3101 1260 3162 constaret
1303 3098 1336 3160 in

280 3235 496 3304 ammona,
510 3238 621 3291 15-1e.
660 3235 1137 3304 5]n10u.2o,14.0f.mm.aaa.
1193 3236 1335 3291 ennean.

191 3328 215 3387 a,
237 3325 279 3378 18.
334 3327 362 3394 e]
380 3324 462 3381 uxot.
483 3325 525 3392 2ο,
548 3326 587 3378 13.
607 3326 706 3381 naen.
727 3327 752 3389 s,
772 3325 815 3379 21.
906 3325 940 3379 cf.
958 3325 1057 3380 uasta.
1077 3328 1102 3393 5,
1122 3325 1164 3378 22.
1220 3327 1247 3395 2]
1267 3325 1336 3394 npu.

191 3414 217 3480 2,
234 3414 275 3468 ιο.
314 3413 428 3483 17-18]
445 3413 477 3468 er.
491 3413 561 3484 Eph.
577 3414 602 3476 2,
620 3413 733 3468 17-18.
772 3414 816 3484 18]
832 3413 901 3482 npn.
916 3415 942 3478 2,
957 3415 997 3468 ie.
1035 3414 1150 3483 21-23]
1165 3415 1236 3484 upa.
1251 3415 1276 3474 2,
1292 3414 1334 3466 2ο.

227 3536 240 3588 1
256 3553 310 3590 non
323 3536 423 3590 eeelaet'
472 3537 559 3590 sicubi
568 3537 637 3598 MR,
653 3538 733 3590 sicuti
748 3537 826 3600 Pam,
841 3539 880 3590 sic
895 3538 1003 3590 utilem
1053 3538 1107 3591 dixi
1116 3536 1165 3602 13³,
1180 3537 1248 3590 dixit
1262 3537 1336 3592 ΜΒι

190 3624 339 3681 2Pontice.
350 3625 426 3681 ouius
436 3627 518 3696 culeo
540 3626 556 3678 3
569 3643 684 3682 carnem.
696 3627 719 3678 si
728 3627 812 3694 222192
831 3626 1035 3694 dpereatheein
1043 3627 1172 3680 indicaui
1180 3633 1213 3680 ut
1223 3627 1337 3695 etinfra

192 3712 209 3766 1.
223 3717 249 3780 7,
259 3717 300 3782 11,
311 3718 360 3776 13,
369 3715 468 3781 incepit
482 3715 611 3782 apodocis
625 3714 691 3768 inde
700 3731 718 3768 a
727 3716 819 3769 ambis
832 3716 873 3768 ita
884 3716 939 3768 etl.
952 3719 987 3769 15
1028 3717 1133 3784 lpotes
1142 3716 1229 3769 Pam:
1243 3721 1337 3785 potest

191 3803 253 3858 MR
305 3804 795 3871 12utn0uescripsisetn0uen11t
846 3806 879 3859 13
895 3805 954 3870 deo,
969 3805 1094 3874 quemn,
1109 3804 1161 3868 dei,
1181 3805 1341 3874 quemMF

192 3892 226 3945 14
241 3897 268 3946 et
286 3893 389 3961 gentile
404 3891 446 3957 M,
467 3898 494 3944 et
513 3893 643 3961 gentilem
665 3895 790 3962 populum
805 3893 928 3963 Ruulqo
999 3895 1090 3963 inquit
1100 3896 1172 3962 fert.
1191 3893 1337 3948 delendum

192 3980 224 4034 15
234 3979 345 4042 onmR³,
353 3984 409 4034 tum
417 3979 492 4035 MR¹
527 3980 762 4050 interfecissent
770 3981 1053 4051 interfecit‚sedd1R¹
1091 3981 1338 4036 lladnuntiarelt²

192 4069 225 4122 19
236 4071 264 4122 et
273 4068 392 4122 aduenae
403 4069 445 4132 Μ,
461 4085 510 4122 nec
521 4067 642 4122 aduenae
652 4069 680 4124 11
688 4071 773 4139 culco
810 4071 845 4123 24
858 4071 1014 4139 prophetas.
1025 4071 1048 4123 si
1057 4087 1112 4124 non
1121 4071 1216 4123 timuit
1224 4071 1337 4138 ecripam

190 4157 346 4227 prophetas.
361 4158 455 4210 timuit
470 4159 493 4210 si
507 4174 559 4211 non
573 4156 657 4227 Mat
672 4157 828 4228 prophetas.
842 4159 936 4212 timuit
949 4159 1054 4213 scilicet
1062 4157 1103 4213 12³
1112 4160 1195 4230 uulgm
1258 4164 1335 4212 uete-

190 4261 247 4298 rem
265 4245 303 4298 M
317 4248 343 4312 (e
361 4245 393 4298 in
412 4262 429 4299 n
448 4262 516 4300 cota.
535 4263 570 4300 m.
589 4251 614 4314 1)
681 4247 716 4300 25
735 4246 941 4301 fundamentum
958 4248 1001 4315 M,
1019 4248 1198 4302 fundamenta
1214 4247 1338 4317 acteo
