3250 4959
335 368 401 433 366
563 364 681 429 Quinti
699 365 840 435 Septimi
858 364 1030 419 Florentia
1048 363 1253 417 Tertulliani

335 577 435 623 nonne
463 576 671 641 consequens.
696 560 733 621 ut
755 577 806 621 rer
830 556 886 621 ille
915 556 968 621 nel
997 556 1087 621 diues
1115 558 1283 621 exclamet:
1312 576 1376 640 que
1403 560 1482 623 mibi

334 664 573 729 multitudinem
621 664 787 727 munerum
834 666 985 729 tuorum?
1022 684 1096 727 *aa
1136 665 1285 746 plenus
1328 684 1413 729 snm
1449 679 1482 729 et

334 771 648 837 sollemnitates
687 774 725 837 et
762 770 850 836 dies
887 771 1019 837 festos
1056 773 1097 834 et
1132 776 1273 835 uestra
1309 772 1483 835 sabbata

333 876 475 955 disemo,
505 898 586 960 quae
610 877 783 943 seeundum
805 877 973 942 libidinem
996 896 1098 953 suam,
1125 898 1187 945 non
1210 878 1387 943 secundnm
1409 879 1480 943 reli·

333 986 458 1071 giorum
486 985 537 1050 dei
565 983 751 1049 celebrando
781 1004 841 1049 sua
867 986 943 1063 iam,
975 1004 1037 1049 nou
1066 984 1117 1048 dei
1144 985 1293 1050 fecerant
1323 986 1479 1051 condicio·
1513 1006 1526 1045 s

332 1092 435 1155 nalem
453 1091 571 1156 idcirco
591 1097 624 1155 et
643 1090 828 1155 rationalem
848 1090 1080 1156 demonstrauit
1102 1093 1337 1157 recusationem
1360 1111 1480 1157 eorum.

332 1217 412 1279 quae
436 1197 687 1263 administranda
709 1198 966 1280 praescripserat.

375 1306 428 1369 23.
453 1304 487 1369 Si
506 1324 582 1369 nero
602 1304 698 1369 etiam
718 1304 802 1369 circa
820 1324 971 1386 personae
990 1308 1047 1369 aut
1069 1305 1174 1369 leuem
1198 1305 1299 1369 uultis
1323 1305 1479 1389 intellegi.

331 1430 404 1477 eum
418 1411 567 1493 reprobat
585 1411 755 1493 aliquando
775 1412 937 1495 probatos,
956 1417 1013 1475 aut
1029 1411 1255 1495 improuidam,
1274 1430 1350 1475 cum
1369 1414 1480 1495 probat

330 1518 519 1602 quandoque
532 1517 755 1601 reprobandos,
775 1524 867 1600 quasi
880 1519 1000 1582 iudicia
1012 1538 1071 1583 sua
1088 1522 1145 1583 aut
1162 1518 1291 1582 damnet
1308 1520 1480 1600 praeterita
1498 1536 1524 1571 ιο

330 1631 386 1691 aut
403 1628 528 1711 ignoret
546 1627 663 1703 lutura,
679 1626 788 1707 atquin
804 1626 884 1690 nibil
902 1630 968 1691 mm
983 1627 1047 1709 (et)
1065 1626 1147 1690 bono
1166 1630 1199 1689 et
1217 1625 1316 1691 iudici
1330 1628 1481 1691 conuenit

330 1752 424 1817 quam
443 1753 499 1817 pro
518 1734 737 1815 praesentibus
756 1734 880 1798 meritis
899 1737 932 1797 et
949 1734 1066 1798 reicere
1084 1737 1117 1798 et
1139 1733 1294 1817 adlegere.
1318 1732 1480 1816 adlegitur

330 1842 416 1917 Saul,
453 1841 510 1905 sed
545 1840 685 1906 nondum
722 1840 891 1924 despector
927 1842 1100 1924 prophetae
1133 1840 1303 1905 Samuelis.
1350 1841 1480 1905 reicitur

330 1947 490 2025 Salomon,
523 1947 579 2011 sed
611 1948 673 2011 iam
701 1967 721 2011 a
747 1949 936 2015 mulieribus
969 1949 1081 2013 alienis
1113 1966 1283 2031 possessus
1315 1951 1350 2010 et
1383 1947 1478 2013 idolis

326 2056 541 2121 Moabitarum
570 2058 603 2121 et
625 2054 828 2120 Sidoniorum
857 2057 1065 2139 mancipatus.
1092 2056 1168 2139 quid
1195 2056 1312 2119 faceret
1342 2062 1473 2122 creator.
1493 2065 1519 2103 ¹⁵
1612 2059 1613 2140 ,

328 2182 367 2227 ne
391 2182 409 2227 a
432 2163 630 2227 Marcionitis
658 2162 959 2243 reprehenderetur?
990 2164 1070 2228 bene
1099 2162 1204 2227 adhuc
1230 2164 1364 2246 agentes
1392 2181 1477 2245 prae·

328 2268 492 2333 damnaret
517 2269 581 2333 iam
610 2272 737 2349 propter
764 2268 873 2333 lutura
900 2268 1040 2333 delicta?
1068 2268 1123 2332 sed
1152 2268 1203 2331 dei
1225 2268 1300 2331 boni
1323 2287 1387 2333 non
1412 2274 1481 2333 erat

330 2374 467 2439 nondum
495 2378 651 2439 merentes
680 2373 912 2457 praedamnare.
945 2376 1075 2457 proinde
1105 2378 1273 2459 peccantes
1305 2393 1391 2439 nune
1418 2395 1479 2439 non

328 2490 488 2545 recusaret
506 2484 635 2563 propter
652 2481 786 2563 pristina
804 2482 989 2545 benefacta?
1013 2482 1069 2547 sed
1088 2481 1166 2546 iusti
1184 2480 1301 2545 iudicis
1322 2500 1387 2545 non
1412 2486 1479 2545 erat

328 2588 474 2651 rescissis
493 2587 555 2651 iam
574 2588 666 2653 bonis
686 2586 828 2670 pristinis
852 2589 972 2653 scelera
994 2589 1119 2653 donare.
1142 2593 1198 2653 aut
1216 2588 1287 2669 quis
1310 2586 1477 2653 bominum
1494 2600 1519 2639 ω

329 2694 396 2757 sine
424 2693 551 2771 delicto,
579 2698 617 2758 ut
639 2714 711 2759 eum
736 2694 815 2759 deus
839 2714 963 2776 semper
985 2695 1155 2780 adlegeret,
1184 2714 1278 2777 quem
1302 2713 1478 2775 numquam

328 2804 438 2881 posset
457 2806 623 2865 recusare?
647 2802 698 2865 uel
719 2802 790 2883 quis
810 2803 885 2865 item
906 2802 973 2866 eine
991 2802 1098 2883 aliquo
1117 2803 1199 2866 boue
1218 2819 1323 2881 opere.
1347 2803 1386 2863 ut
1404 2819 1478 2863 emn

328 2906 406 2971 deus
421 2926 544 2989 semper
557 2913 728 2983 recusaret,
748 2927 842 2991 quem
856 2927 1027 2990 numquam
1046 2912 1158 2989 posset
1175 2908 1341 2991 adlegere?
1365 2905 1478 2969 exhibe

327 3013 444 3079 bonum
469 3032 602 3097 semper.
628 3018 659 3078 et
682 3032 742 3077 non
767 3014 980 3091 recusabitur3
1008 3015 1117 3105 ephiba
1141 3014 1261 3079 malum
1284 3031 1422 3095 semper,
1444 3020 1478 3075 et

328 3139 500 3203 numquam
524 3121 698 3204 adlegetur.
722 3126 863 3186 ceterum
888 3121 915 3186 si
930 3140 978 3186 *a
996 3122 1081 3185 idem
1105 3122 1211 3199 homo,
1234 3126 1270 3184 ut
1289 3120 1320 3184 in
1338 3124 1477 3201 utroque
1494 3132 1520 3171 ¹⁵

417 3346 444 3413 1]
465 3344 508 3397 es.
531 3345 615 3408 1,11.
689 3343 836 3411 aperus.
858 3344 944 3399 1.11.
1016 3342 1269 3411 aperueris.
1344 3344 1477 3415 raperr

327 3435 393 3503 aeg.
413 3436 437 3495 e,
461 3435 500 3486 re.
557 3434 599 3500 13]
621 3433 653 3487 cr.
674 3433 686 3486 1
707 3434 772 3501 neg.
797 3434 838 3493 ιε),
859 3434 900 3485 15.
958 3434 1001 3501 14]
1021 3432 1055 3487 er.
1074 3432 1088 3485 1
1106 3432 1173 3501 aeg.
1195 3434 1237 3499 ιι,
1258 3434 1281 3485 r.

362 3558 529 3610 Slaeuncm
551 3557 679 3625 eiqnuui:
704 3557 815 3624 proinde
838 3558 924 3626 igitur
947 3563 975 3610 et
998 3557 1063 3611 deus
1083 3557 1176 3627 populi
1193 3557 1236 3609 sni
1254 3556 1346 3611 officia
1366 3564 1476 3611 recent

327 3648 371 3700 veel
382 3647 486 3699 similia
499 3646 712 3709 interciderunt,
732 3663 835 3699 rrertcsse
848 3648 920 3699 enim
933 3654 972 3699 est
987 3647 1080 3700 diremi
1098 3646 1249 3713 exemplum
1268 3662 1286 3698 c
1303 3662 1342 3699 re.
1395 3650 1414 3700 4
1432 3646 1475 3699 di-

327 3736 410 3787 cendo
430 3734 506 3789 illl.-
522 3736 602 3802 <odit
621 3736 708 3788 anima
727 3753 795 3794 mea.
819 3739 931 3804 uestra>
949 3734 1063 3789 dicendo
1082 3736 1154 3789 Pom
1209 3738 1225 3789 ὃ
1245 3734 1406 3788 celebrando
1424 3734 1474 3793 R·.

327 3824 498 3877 celebrabant
519 3824 568 3877 deo
588 3823 662 3878 MR¹
734 3825 862 3878 fecerant.
882 3826 1095 3878 condicionalem
1113 3841 1170 3877 aare
1183 3824 1232 3877 der
1249 3824 1335 3876 Vliet:
1353 3824 1475 3877 lecerunt

327 3913 539 3966 eoudicienalem
566 3914 647 3980 uulpo
711 3913 727 3966 8
752 3926 798 3965 aut
823 3914 911 3967 leuem
933 3915 1046 3981 scripsi:
1068 3918 1117 3966 aut
1139 3914 1227 3981 legero
1251 3912 1293 3967 M.
1317 3912 1405 3982 legero
1423 3912 1472 3975 R',

325 4002 413 4055 leuem
437 4002 570 4070 R³¹uulpo
663 4004 692 4055 ll
720 4008 747 4055 et
770 4003 842 4056 bono
867 4021 922 4057 corr
946 4004 993 4057 der
1017 4004 1087 4057 Vliet
1106 4004 1152 4070 ies.
1169 4006 1236 4063 367,
1257 4008 1300 4064 ll:
1319 4002 1392 4055 boue
1410 4002 1473 4055 MR

327 4090 361 4143 23
384 4090 509 4157 adlegere
532 4090 575 4157 Μ,
599 4092 699 4156 eligere
724 4092 759 4157 R,
784 4094 891 4160 elegere
914 4093 944 4145 F
1031 4094 1065 4145 25
1089 4092 1232 4161 adlegetur
1249 4090 1333 4154 MR¹,
1354 4092 1471 4159 eligetur

328 4178 365 4231 R³
448 4180 577 4232 lucernum
597 4182 723 4248 reprcunt:
743 4198 794 4233 uon
816 4198 923 4249 semper
940 4181 1110 4234 intercidisse
1123 4187 1195 4249 puto
1275 4180 1355 4233 homo
1374 4183 1425 4233 eat
1441 4178 1469 4231 in

326 4269 398 4337 Eup,
417 4268 487 4321 nibil
501 4275 609 4335 putans
626 4270 715 4322 <deesse
