3250 4959
350 393 412 456 122
576 385 693 451 Quinti
715 385 858 455 Septimi
876 383 1048 438 Plorantis
1068 383 1275 437 Tertulliani

346 582 445 666 igitur
462 583 522 647 boc
542 580 761 646 tantummodo
782 580 903 643 discere
922 578 1051 655 sufficit,
1076 597 1148 642 cum
1168 577 1314 643 dominus
1333 579 1495 644 bominem

346 689 443 754 saluti
472 688 657 754 destinando
687 707 811 755 carnem
841 685 1016 763 destinarit,
1049 705 1086 749 an
1116 685 1247 749 eandem
1281 684 1360 749 uelit
1391 685 1495 749 denuo

346 815 424 862 esse.
462 815 556 878 qnam
594 814 654 858 non
693 793 824 860 debebis
863 812 897 856 ex
935 793 1043 856 sutura
1078 792 1291 856 membrorum
1327 793 1495 858 uacatione

345 905 556 986 praescribere
578 902 680 966 denuo
701 919 851 964 essenon
875 918 979 980 posse.
1001 900 1079 963 licet
1097 899 1180 962 enim
1204 919 1274 963 esse
1295 897 1372 981 quid
1392 899 1494 964 denuo

345 1013 377 1074 et
400 1009 608 1073 nihilominus
639 1025 761 1072 uacare.
790 1024 849 1070 nec
873 1010 980 1088 potest
1008 1010 1115 1070 autem
1145 1005 1206 1070 dici
1229 1025 1352 1079 uacare,
1382 1007 1492 1072 sinon
1522 1023 1534 1062 ⁵

345 1115 396 1180 sit.
425 1120 456 1179 at
487 1115 569 1179 enim
599 1114 625 1178 si
656 1115 708 1192 sit,
737 1112 856 1195 poterit
884 1115 916 1175 et
943 1131 1004 1176 non
1032 1130 1159 1188 nacare3
1189 1112 1268 1176 nihil
1296 1113 1380 1177 enim
1408 1113 1494 1196 apud

344 1222 438 1286 deum
463 1222 599 1286 nacabit.

389 1329 442 1396 61.
468 1328 528 1394 Sed
552 1328 714 1410 accepisti,
738 1329 845 1402 homo,
870 1345 906 1391 os
930 1326 970 1390 ad
993 1326 1169 1390 rorandum
1189 1331 1283 1410 atque
1302 1326 1491 1410 potandum:

345 1455 400 1500 our
419 1455 478 1500 non
500 1436 608 1520 potius
628 1434 666 1498 ad
686 1432 909 1515 eloquendum,
934 1437 971 1496 ut
990 1453 1008 1496 a
1027 1433 1141 1498 ceteris
1161 1433 1350 1498 animalibus
1371 1434 1490 1498 distes?

343 1561 399 1605 cur
422 1561 483 1605 uon
512 1542 619 1622 potius
644 1539 682 1603 ad
711 1537 957 1622 praedicandum
986 1539 1092 1616 deum,
1120 1543 1158 1604 ut
1185 1540 1280 1604 etiarn
1309 1540 1490 1604 bominibus
1509 1557 1532 1596 a

343 1647 500 1712 antistes?
530 1647 665 1727 denique
692 1645 794 1710 Adam
827 1649 899 1710 ante
932 1645 1059 1709 nomina
1091 1646 1280 1711 animalibus
1314 1645 1491 1710 enuntiauit

342 1773 435 1836 quam
456 1753 493 1816 de
513 1752 622 1816 arbore
638 1752 806 1834 decerpsit,
827 1757 899 1816 ante
915 1751 1011 1814 etiam
1026 1752 1232 1834 propbetauit
1246 1771 1340 1834 quam
1356 1755 1490 1819 noranit.

343 1859 398 1924 sed
418 1859 569 1942 accepisti
586 1859 696 1922 dentes
718 1858 757 1922 ad
776 1858 947 1921 macellum
966 1858 1210 1923 corrodendum:
1231 1878 1288 1924 cur
1303 1879 1365 1924 non
1384 1862 1489 1944 potius

344 1965 382 2029 ad
402 1984 525 2029 omnem
543 1965 667 2030 hiatum
687 1969 718 2028 et
737 1964 853 2028 rictum
873 1970 964 2029 tuum
982 1965 1217 2030 coronandum?
1237 1985 1294 2030 cur
1306 1986 1369 2031 non
1382 1968 1489 2049 potius

343 2072 382 2136 ad
406 2071 518 2154 pulsus
543 2071 670 2155 linguae
699 2071 931 2152 temperandos,
961 2071 1000 2134 ad
1024 2072 1114 2136 uocis
1138 2073 1290 2137 articulos
1319 2073 1488 2138 offensione
1508 2087 1530 2126 1⁶

343 2178 534 2260 signandos?
560 2177 693 2260 denique
718 2182 749 2241 et
774 2177 940 2242 edentulos
967 2182 999 2241 et
1018 2178 1091 2242 audi
1116 2183 1148 2241 et
1171 2179 1254 2257 uide,
1280 2185 1315 2243 ut
1337 2180 1487 2245 honorem

344 2285 405 2348 oris
431 2289 462 2348 et
486 2303 639 2367 organum
664 2283 806 2347 dentium
831 2303 973 2366 quaeras.
999 2284 1100 2348 forata
1123 2292 1198 2349 sunt
1221 2282 1342 2348 inferna
1365 2287 1396 2350 in
1420 2288 1488 2352 uiro

343 2396 375 2456 et
402 2391 434 2455 in
459 2391 586 2469 lemine,
617 2391 763 2454 nimirum
790 2410 853 2472 qua
875 2391 1021 2455 libidines
1048 2391 1184 2455 fluitent:
1210 2410 1265 2455 cnr
1287 2411 1350 2455 non
1374 2395 1485 2478 magis,

343 2517 405 2580 qna
428 2498 608 2562 defluxurao
633 2499 797 2561 colentur?
823 2501 873 2560 est
895 2497 999 2561 adbuc
1023 2497 1149 2561 leminis
1167 2499 1265 2576 intus,
1287 2518 1348 2582 quo
1369 2501 1488 2564 semina

343 2609 563 2688 congerantur:
593 2623 631 2667 an
660 2623 721 2685 quo
751 2603 915 2688 sanguinis
944 2623 1037 2668 onera
1063 2604 1220 2684 secedant,
1249 2625 1341 2688 quern
1369 2606 1527 2690 pignora

343 2731 435 2776 sexus
460 2711 619 2775 discutere
643 2731 703 2774 non
729 2711 868 2774 suflicit?
897 2710 1030 2774 dicenda
1053 2712 1136 2775 enim
1165 2718 1197 2776 et
1219 2712 1308 2788 baec,
1332 2718 1488 2795 quatenus

343 2837 423 2898 (quae
448 2819 561 2881 uolunt
580 2821 612 2880 et
631 2835 766 2898 quorum
785 2817 899 2882 uolunt
918 2822 950 2881 et
974 2818 1110 2899 qualiter
1127 2820 1242 2882 uolunt
1266 2818 1370 2884 officia
1392 2840 1487 2884 mem·

342 2924 470 2987 brorum
507 2924 680 2988 ludibriose
719 2923 756 2986 de
793 2923 949 2988 industria
986 2924 1212 2989 suffundendae
1248 2927 1488 2991 resurrectionis

342 3031 510 3102 oblatrant,
544 3049 604 3094 non
637 3029 851 3112 recogitantes
887 3031 975 3112 ipsas
1012 3030 1100 3112 prius
1138 3051 1251 3096 causas
1288 3034 1489 3097 necessitatis

342 3141 417 3200 tunc
446 3141 625 3212 uacaturus,
661 3136 723 3200 cibi
753 3137 879 3212 samem,
910 3141 942 3200 et
973 3141 1068 3221 potus
1103 3138 1201 3216 sitim,
1235 3143 1267 3202 et
1298 3140 1528 3204 concubitus»

343 3243 531 3326 genituram,
557 3247 589 3307 et
620 3244 811 3325 operationis
840 3245 972 3308 uictum.
1001 3245 1128 3309 sublata
1155 3245 1238 3308 eninr
1263 3250 1363 3310 morte
1386 3266 1487 3329 neque

341 3351 448 3414 uictus
467 3349 653 3414 fulcimenta
673 3349 711 3412 ad
731 3349 889 3432 praesidia
907 3351 992 3414 uitae
1011 3370 1112 3433 neque
1132 3353 1254 3435 generis
1279 3352 1487 3434 subparatura

343 3456 449 3540 grauis
483 3457 543 3519 erit
570 3456 731 3520 membris.
770 3461 910 3520 ceterum
940 3461 971 3522 et
1003 3457 1096 3522 hodie
1124 3477 1237 3522 uacare
1269 3459 1430 3524 intestinis
1457 3463 1489 3524 et

379 3667 473 3720 lcum
497 3666 607 3732 erispa:
631 3681 663 3716 an
686 3645 775 3716 PJI'F
828 3665 926 3719 3esse
952 3683 1031 3734 quani
1051 3666 1136 3734 unlqo
1209 3683 1239 3719 ex
1266 3667 1329 3720 cer:
1354 3673 1381 3721 et
1401 3667 1490 3722 PMF

344 3755 376 3807 13
396 3753 490 3806 dentes
511 3753 688 3806 demacellnm
708 3753 737 3806 F
778 3755 809 3806 14
829 3759 906 3808 tuum
926 3771 977 3808 om.
997 3754 1037 3809 12³
1091 3755 1319 3808 coornandumG
1354 3759 1386 3810 16
1406 3759 1488 3812 eden·

342 3843 413 3895 tulos
435 3843 495 3909 Gcl,
515 3842 657 3896 edentulus
671 3843 762 3896 PMF
833 3850 861 3896 et
879 3843 943 3897 audi
962 3845 1075 3912 scripsi:
1094 3843 1141 3897 sed
1161 3843 1224 3898 audi
1237 3845 1333 3906 PMF,
1353 3863 1412 3900 esse
1425 3847 1488 3900 andi

345 3931 473 3984 oehlerus
532 3931 658 3984 bonorem
680 3931 774 3992 PMF,
795 3933 891 3985 honori
912 3933 964 3986 aer
1019 3935 1052 3986 19
1072 3951 1125 4001 qua
1141 3933 1207 3988 Gal:
1225 3934 1305 3987 utM
1322 3935 1400 4002 (aad.
1419 3953 1440 3990 s.
1459 3955 1486 3991 u.

343 4037 375 4074 ro.
391 4025 425 4084 1),
440 4037 490 4074 om.
507 4020 562 4072 PF
651 4019 803 4072 defluxorae
822 4022 921 4088 scripsi
934 4026 978 4087 (z
995 4021 1185 4089 dedimionesp:
1201 4021 1339 4076 defluxura
1352 4023 1488 4079 PMFRt

343 4109 375 4163 de
400 4109 501 4162 fluxura
523 4108 571 4172 3³,
596 4114 707 4177 potuum
737 4109 844 4162 defruta
870 4109 921 4164 Gel
993 4111 1020 4162 in
1048 4111 1154 4164 leminis
1182 4112 1206 4164 0
1257 4113 1292 4165 22
1320 4117 1349 4165 et
1375 4131 1487 4182 quorum

342 4199 439 4251 uolunt
459 4203 486 4250 et
505 4197 622 4266 qualiter
641 4197 737 4250 uolunt
756 4197 825 4261 MF,
851 4202 878 4250 et
901 4198 1017 4266 qualiter
1041 4200 1137 4252 uolunt
1160 4206 1188 4252 et
1212 4217 1323 4268 qnorum
1346 4203 1446 4256 uolunt
1462 4203 1490 4256 P

341 4287 425 4356 sculpo
480 4287 513 4339 27
533 4286 707 4355 subparitura
725 4285 788 4339 ΡΗι
