3250 4959
439 394 500 449 Vll.
520 395 687 450 Aduersus
707 395 904 450 Marcionem
922 397 970 452 lib.
990 397 1013 451 V
1031 397 1058 451 2.
1260 401 1325 466 573

179 589 527 674 euangelizantium
550 607 689 671 paoem,
714 589 1062 674 euangelizantium
1086 591 1190 670 bona,
1213 592 1324 674 utique

178 701 212 762 et
230 695 411 762 nationibus
431 694 731 779 euangelizantium‚
756 696 905 778 quoniam
929 700 975 760 et:
998 697 1035 761 in
1059 697 1207 763 nomine
1231 699 1323 776 ciue,

176 803 293 886 inquit,
317 802 491 866 nationes
516 801 732 883 sperabunt,
757 800 877 868 Christi
901 801 1036 881 scilicet,
1061 803 1112 867 cui
1132 803 1191 868 ait:
1213 805 1324 887 posui

176 913 214 974 te
241 909 277 973 in
304 909 429 972 lumen
462 907 668 985 nationum,
702 911 752 972 est
778 912 886 974 antem
914 909 1116 994 euangelium
1145 909 1242 974 etiam
1270 911 1322 976 dei

140 1043 155 1082 s
175 1016 262 1096 noui,
285 1015 370 1098 quod
393 1014 444 1079 uis
467 1017 544 1080 tuno
563 1012 601 1078 ab
621 1016 766 1098 apostolo
786 1015 962 1094 defensum,
974 1015 1049 1084 ¹iam
1073 1035 1147 1101 ergo
1167 1016 1229 1082 duo
1249 1022 1325 1084 sunt

175 1121 343 1206 euangelia
364 1119 448 1203 apud
472 1119 552 1186 duos
581 1118 668 1199 deos,
696 1123 729 1185 et
755 1122 910 1187 mentitus
933 1121 995 1186 erit
1016 1123 1182 1204 apostolus
1206 1122 1322 1200 dicens,

177 1227 261 1310 quod
286 1226 372 1292 aliud
397 1226 523 1292 omnino
546 1245 608 1291 nou
633 1229 693 1305 oet,
718 1247 790 1293 cum
815 1227 858 1292 sit
880 1231 913 1293 et
935 1227 1033 1306 aliud,
1061 1247 1134 1293 oum
1158 1228 1205 1294 sic
1228 1248 1322 1294 snum

175 1333 378 1418 euangelium
407 1331 572 1398 defendere
600 1333 770 1416 potuisset,
799 1337 837 1398 ut
865 1335 973 1418 potius
997 1335 1238 1414 demonstraret,
1261 1356 1321 1402 nou

175 1445 213 1507 ut
231 1461 330 1508 unum
354 1441 587 1508 determinaret.
614 1441 670 1506 sed
694 1440 839 1521 sortasse,
863 1444 902 1505 ut
923 1441 996 1507 hinc
1019 1443 1140 1527 fogiae:
1165 1446 1209 1507 ‘et
1229 1442 1322 1520 idaci

127 1577 155 1618 ro
175 1549 273 1624 dices,
293 1547 481 1613 subtexuit:
500 1547 596 1612 licet
619 1547 778 1631 augelus
802 1546 845 1611 de
870 1548 973 1613 caelo
998 1547 1110 1613 aliter
1133 1548 1322 1632 euangeli-

175 1655 332 1733 zauerit‚
356 1653 554 1718 anathema
578 1653 638 1732 eit,
668 1653 743 1736 quia
766 1656 799 1719 et
822 1658 996 1720 creatorem
1020 1654 1141 1720 sciebat
1163 1655 1322 1739 euangeli-

174 1765 340 1826 zaturum’.
362 1779 471 1826 rursus
496 1779 570 1845 ergo
594 1763 626 1824 te
649 1759 805 1842 implicas.
829 1759 889 1825 hoc
913 1764 963 1825 est
985 1760 1079 1841 enim,
1102 1779 1164 1844 quo
1187 1761 1321 1826 adstrin-

174 1867 275 1951 geris:
298 1866 361 1932 duo
385 1867 469 1931 enim
494 1866 661 1951 euangelia
684 1865 867 1932 confirmare
890 1885 951 1932 non
974 1870 1026 1932 est
1048 1867 1128 1947 eius,
1157 1868 1209 1951 qui
1234 1869 1322 1933 aliud

172 1975 237 2040 iam
269 1974 401 2058 negarit.
443 1977 548 2037 tamen
581 1973 668 2037 lucet
695 1989 808 2037 sensns
836 1973 916 2049 eius,
950 1972 1005 2055 qui
1037 1992 1129 2038 enam
1156 1974 1321 2057 praemisit

127 2107 153 2146 ao
174 2098 356 2163 personam:
392 2078 457 2144 sed
491 2083 527 2144 et
560 2078 592 2143 si
625 2097 691 2144 nos
725 2082 790 2144 aut
821 2080 978 2166 angelus
1008 2079 1051 2144 de
1079 2081 1184 2146 caelo
1209 2080 1320 2145 aliter

174 2186 512 2271 euangeliaauerit.
541 2185 632 2251 uerbi
655 2185 738 2250 enirn
762 2185 866 2270 gratia
889 2185 1010 2252 dictum
1038 2192 1099 2254 est.
1128 2189 1268 2252 ceterum
1291 2189 1320 2252 si

173 2312 230 2358 nec
244 2294 313 2376 ipse
327 2294 420 2357 aliter
434 2292 721 2377 euangelizaturus‚
739 2293 851 2376 utique
870 2312 927 2358 nec
945 2295 1090 2377 angelus.
1109 2293 1155 2358 ite
1172 2293 1317 2377 angelum

172 2399 295 2465 adhoc
319 2400 505 2478 nominauit,
530 2419 591 2483 quo
616 2400 718 2464 multo
742 2399 845 2484 magis
868 2399 1050 2466 hominibus
1069 2420 1131 2466 uon
1150 2404 1237 2465 esset
1254 2417 1318 2464 crc-

173 2505 321 2584 dendum,
338 2505 461 2589 quando
476 2524 534 2571 nec
549 2507 671 2589 angelo,
687 2502 731 2593 [et
743 2524 801 2572 neo
816 2503 974 2594 apostolo]
989 2527 1050 2573 nou
1065 2507 1160 2590 (quo)
1170 2507 1318 2590 angelum

125 2641 153 2682 so
172 2613 213 2678 ad
237 2613 441 2698 euangelium
464 2613 596 2678 referret
619 2613 778 2678 creatoris.
841 2613 961 2678 Exinde
985 2613 1155 2678 decurrens
1179 2613 1318 2678 ordinem

172 2719 389 2786 conuersionis
423 2737 499 2784 snae
533 2719 571 2784 de
603 2722 805 2802 persecutore
842 2719 875 2782 in
912 2718 1092 2802 apostolum
1130 2718 1317 2803 scripturam

171 2827 427 2908 Apostolicorum
443 2825 618 2902 confirmat,
638 2826 721 2908 apud
737 2843 832 2908 quam
846 2825 917 2908 ipsa
934 2825 1029 2890 etiam
1049 2825 1205 2907 epistulae
1222 2825 1318 2889 istius

172 2932 305 2997 materia
339 2929 587 3018 recognoscitur,
624 2931 843 2998 intercessisse
880 2931 1046 3014 quosdam,
1088 2930 1144 3013 qui
1180 2931 1319 2996 dicerent

174 3037 359 3103 circumcidi
386 3041 531 3121 oportere
560 3039 592 3102 et
619 3037 849 3102 obseruandum
877 3056 948 3102 esse
971 3036 1077 3120 Moysi
1098 3037 1213 3120 legem,
1240 3041 1317 3102 tunc

124 3173 152 3214 aa
173 3143 335 3228 apostolos
362 3142 402 3208 de
429 3144 491 3209 ieta
515 3143 701 3226 quaestione
726 3144 889 3209 consultos
914 3161 950 3208 er
973 3143 1163 3208 auctoritate
1186 3143 1316 3225 spiritus

171 3250 371 3315 renuntiasse
394 3271 454 3316 non
478 3268 549 3316 esee
572 3249 762 3333 imponenda
784 3269 879 3315 onera
896 3248 1089 3326 hominibus,
1114 3267 1193 3332 quae
1211 3256 1317 3332 patres

172 3356 235 3439 ipsi
266 3376 327 3422 nou
358 3356 539 3441 potuissent
570 3357 737 3423 sustinere.
771 3356 885 3439 quodsi
918 3359 951 3420 et
982 3375 1018 3420 er
1049 3356 1109 3421 lroc
1140 3361 1318 3439 congruunt

172 3463 273 3528 Paulo
301 3464 529 3547 Apostolorum
558 3464 648 3540 Acta,
681 3483 738 3529 cur
771 3483 807 3528 ca
833 3462 992 3545 respuatis
1020 3462 1083 3526 iam
1112 3465 1249 3546 apparet,
1280 3465 1317 3526 ut

261 3637 288 3708 2]
308 3637 351 3691 Es.
370 3639 414 3704 42,
432 3640 457 3692 4.
522 3637 549 3708 3]
569 3638 614 3694 Es.
633 3639 676 3704 49,
695 3639 721 3694 6.
786 3636 811 3706 7]
833 3637 866 3690 ci.
886 3635 946 3692 Gal.
968 3638 991 3704 1,
1011 3637 1036 3690 6.
1102 3637 1145 3706 10]
1165 3636 1224 3690 Gal.
1246 3638 1269 3700 1,
1290 3637 1315 3691 8.

174 3725 217 3795 15]
237 3725 274 3779 ib.
360 3727 406 3797 20]
425 3729 458 3780 cl.
479 3725 537 3781 Gal.
559 3727 582 3795 1,
605 3727 716 3780 11-24.
802 3727 847 3794 23]
868 3725 901 3779 cl.
922 3725 980 3779 Gal.
1000 3726 1025 3791 2,
1045 3725 1074 3789 4;
1094 3725 1127 3778 cl.
1149 3727 1208 3778 Act.
1229 3725 1270 3791 lo,
1289 3726 1315 3779 5.

172 3814 217 3884 25]
237 3814 273 3868 cf,
291 3814 352 3869 Act.
373 3816 413 3882 15,
432 3815 476 3869 28.
540 3883 546 3894 Ι

208 3939 224 3993 3
243 3936 345 3993 Christi
362 3938 409 4004 12³,
427 3937 552 3992 Christus
565 3936 638 3990 Mle
691 3938 709 3989 4
728 3937 878 4000 nationum,
899 3941 941 3990 est
958 3940 1050 3990 autem
1069 3935 1147 4004 Erip:
1165 3936 1315 3988 nationum.

172 4029 326 4080 astantem
343 4027 427 4096 archo
481 4027 497 4079 8
517 4027 608 4096 potius
627 4025 828 4080 demonstraret
847 4049 881 4071 =
901 4025 945 4078 cla
963 4024 1016 4078 dae
1034 4023 1232 4093 oorntpzictm
1250 4025 1315 4092 aas·

170 4117 254 4185 scipta
308 4116 323 4168 9
342 4115 405 4170 hinc
424 4115 513 4184 lugius
528 4115 570 4183 M,
589 4114 678 4184 fugias
697 4115 761 4168 hinc
774 4115 894 4183 Ruulpo
946 4114 978 4168 13
998 4113 1068 4166 euim
1081 4113 1151 4180 fort.
1172 4111 1316 4165 &lendum

173 4206 207 4259 14
225 4208 316 4259 tamen
336 4227 370 4250 =
390 4204 509 4274 dcpepen
599 4204 632 4258 19
657 4207 685 4257 ct
706 4220 756 4258 nec
780 4204 903 4274 apostolo
922 4203 1034 4257 accierat:
1059 4217 1108 4255 nec
1131 4201 1255 4271 apostolo
1278 4200 1316 4253 li'

171 4295 256 4363 τιυῑρο
330 4309 381 4363 quo
401 4292 500 4346 addidi
554 4293 587 4346 22
605 4295 764 4361 <actorum>
782 4293 999 4360 Apostolicorum
1018 4291 1090 4344 Pam
