3250 4959
554 358 643 417 Lba
661 360 835 430 patientia
853 361 879 415 5.
1270 367 1291 430 9

140 552 318 621 defundens
351 551 389 619 de
420 570 480 619 suo
512 554 599 619 tonte
632 556 737 623 nerias
771 556 940 622 criminum
971 576 1080 623 uenas.
1119 558 1158 624 de
1190 558 1291 624 homi-

139 659 225 725 cidio
254 658 383 743 quidem
411 660 531 727 dietum
561 664 620 727 est.
653 662 711 727 sed
733 662 779 729 ira
803 662 924 729 editum
947 664 1170 747 aprimordio,
1195 665 1292 731 etiam

139 784 362 849 quascumque
387 767 593 850 postmodum
622 786 734 835 causae
763 769 825 835 sibi
851 769 975 836 inuenit
996 769 1037 835 ad
1059 770 1293 852 impatientiam

142 876 179 937 ut
211 871 251 939 ed
283 872 437 957 originem
470 874 521 939 sni
554 874 685 941 confert.
719 874 788 941 siue
817 876 901 941 enim
925 877 997 960 quis
1020 876 1200 942 inimicitiis
1222 877 1292 943 eine

105 978 277 1062 apraedae
306 980 410 1064 gratia
434 979 469 1044 id
495 979 602 1045 scelus
632 980 769 1060 conficit,
801 982 891 1065 prius
918 985 978 1061 est,
1010 985 1049 1047 ut
1071 986 1129 1048 aut
1150 983 1215 1047 odii
1238 987 1294 1048 aut

141 1084 296 1150 auaritiae
324 1084 380 1149 liat
405 1085 586 1170 impatiens.
619 1086 773 1170 quidquid
797 1089 971 1172 compellit,
1003 1089 1073 1155 sine
1095 1090 1294 1174 impatientia
1336 1170 1339 1175 ,

140 1191 250 1257 scelus
281 1211 343 1259 non
371 1196 423 1259 est
453 1196 491 1259 ut
517 1192 626 1276 perfici
653 1194 765 1277 possit
798 1194 871 1277 qnia
899 1195 1092 1261 adulterium
1124 1197 1193 1261 sine
1221 1196 1293 1261 libi·

141 1299 226 1365 dinis
249 1298 449 1385 impatientia
473 1302 593 1367 subiit?
618 1303 704 1385 quod
726 1306 760 1367 et
781 1302 810 1367 si
832 1301 935 1383 pretio
958 1302 991 1366 in
1009 1302 1137 1367 leminis
1156 1302 1293 1387 cogitur,

140 1406 284 1475 penditio
316 1406 373 1473 illa
403 1407 578 1489 pudicitiae
607 1409 719 1492 utique
746 1408 947 1493 impatientia
969 1408 1189 1474 contemnendi
1210 1409 1294 1475 lucri

94 1532 122 1573 ιο
141 1512 317 1580 ordinatur.
350 1512 429 1581 baec
460 1518 499 1581 ut
529 1515 716 1600 principalia
747 1534 845 1599 penes
872 1515 1035 1581 dominnm
1064 1514 1188 1583 delicta.
1219 1535 1294 1581 nam

141 1624 180 1684 ut
204 1620 390 1704 compendio
414 1621 534 1689 dietum
559 1623 611 1701 sit,
637 1641 728 1688 omne
750 1624 918 1706 paccatum
940 1620 1158 1703 impatientiae
1175 1620 1294 1687 adscri-

140 1726 294 1793 bendum.
326 1727 448 1797 malum
475 1728 674 1813 impatientia
697 1732 747 1794 est
776 1729 862 1794 boni.
892 1747 985 1794 nemo
1016 1728 1199 1812 impudicus
1230 1748 1293 1794 non

141 1834 314 1917 impatiens
347 1834 519 1917 pudicitiae
551 1839 583 1901 et
614 1834 778 1918 improbus
809 1836 980 1918 probitatis
1011 1838 1045 1900 et
1075 1835 1194 1919 impius
1228 1835 1294 1917 pie·

141 1942 221 2006 tatis
244 1945 277 2007 et
298 1941 460 2024 inquietus
485 1940 610 2024 quietis
641 1946 680 2007 ut
706 1944 811 2008 malus
838 1942 1063 2025 unusquisque
1092 1941 1159 2019 nar,
1190 1942 1294 2007 bonus

94 2066 123 2112 ιι
141 2066 347 2131 perseuerare
379 2067 440 2114 non
473 2049 598 2133 poterit
630 2048 706 2114 talis
737 2049 838 2134 igitur
870 2051 995 2114 excetra
1021 2048 1212 2113 delictorum
1238 2067 1296 2113 cur

142 2173 204 2221 non
231 2154 396 2220 dominum
420 2155 558 2221 offendat
579 2154 825 2239 improbatorem
849 2158 1029 2221 mulorum?
1053 2174 1092 2220 un
1110 2173 1170 2219 non
1188 2155 1294 2237 ipsum

141 2284 271 2347 qnoque
293 2260 427 2330 Israhel
446 2283 503 2347 per
532 2262 763 2345 impatientiam
792 2282 917 2345 semper
942 2262 975 2327 in
1003 2261 1098 2326 deum
1122 2259 1296 2342 deliquisse
1341 2292 1345 2298 ·

141 2370 350 2435 manifestum
383 2373 443 2447 est,
475 2370 595 2449 exinde,
629 2389 702 2435 cum
735 2370 855 2435 oblitus
884 2368 1007 2434 brachii
1039 2367 1199 2445 caelestis,
1232 2386 1294 2450 quo

141 2476 313 2561 Aegyptiis
341 2476 609 2543 adflictationibue
640 2476 744 2541 fuerat
785 2478 956 2552 extractus,
998 2474 1037 2539 de
1073 2474 1176 2538 Aaron
1219 2474 1296 2539 deos

95 2583 208 2665 nasibi
245 2584 344 2650 duces
378 2586 533 2668 postulat
570 2603 643 2649 cnm
680 2584 712 2647 in
748 2582 871 2647 idolum
906 2581 976 2647 anri
1012 2581 1063 2645 sui
1100 2580 1295 2647 conlationes

143 2690 313 2757 defundit?
343 2695 414 2757 tam
438 2692 631 2757 necessarias
661 2691 743 2755 anim
766 2688 891 2772 Mopsei
919 2707 993 2753 cum
1016 2686 1143 2752 domino
1168 2706 1296 2772 congre·

144 2799 264 2865 dientis
294 2800 498 2882 impatienter
529 2802 694 2882 exceperat
725 2814 841 2861 morae.
873 2797 948 2877 post
973 2813 1106 2860 mennae
1130 2794 1296 2859 escatilem

143 2906 301 2990 pluuium,
320 2909 395 2989 poet
412 2908 519 2988 petrae
538 2904 710 2986 aquatilem
729 2901 905 2985 sequellam
920 2899 1091 2985 desperant
1104 2900 1143 2965 de
1158 2899 1296 2979 domino,

143 3012 246 3077 tridui
278 3012 368 3077 sitim
399 3031 460 3076 nnn
493 3009 688 3077 sustinendo.
724 3028 796 3074 nam
830 3010 906 3074 baec
939 3027 1066 3092 queque
1098 3006 1165 3072 illis
1196 3006 1296 3089 impa-

96 3132 125 3173 κ
144 3120 261 3185 tientia
297 3140 317 3184 a
347 3119 473 3185 domino
507 3119 719 3203 exprobratur.
758 3136 794 3183 ae
831 3136 870 3181 ne
907 3116 1034 3200 singula
1070 3133 1295 3200 perungamur:

237 3381 282 3452 19]
302 3380 336 3436 ci.
356 3379 439 3435 aroc.
458 3380 502 3443 32.
522 3382 599 3434 1-4.
700 3378 745 3449 22]
765 3378 797 3435 oi.
819 3376 902 3431 ltrod.
922 3377 965 3441 16,
985 3376 1026 3433 14,
1046 3375 1080 3429 ci.
1100 3374 1185 3431 Erod.
1207 3376 1248 3441 17,
1267 3376 1294 3427 6.

143 3473 193 3541 23]
214 3469 353 3526 ι1.Ειοι1.
374 3470 415 3533 15,
434 3470 540 3523 22-25
561 3468 586 3533 (l
605 3468 665 3523 Cor.
686 3467 728 3530 10,
749 3467 783 3537 t).

185 3646 366 3701 ltcrminum
385 3644 415 3697 F
474 3642 708 3713 dainpatientia
725 3641 759 3695 N
819 3640 993 3695 deonterret
1009 3640 1040 3693 F
1093 3638 1217 3692 laeelua
1235 3637 1295 3691 Ere.

145 3736 264 3791 Braelrn:
284 3735 328 3788 eni
345 3731 467 3788 PMNF
536 3732 642 3803 perticis
657 3730 699 3796 M,
719 3730 825 3801 perficit
842 3729 873 3783 F
941 3728 1064 3783 libidinis
1083 3744 1135 3782 oca
1149 3725 1182 3780 N
1215 3727 1297 3780 aab·

146 3826 223 3897 gitur
240 3822 364 3879 penditio
383 3822 432 3876 illa
448 3821 597 3892 pudicitiae
616 3822 714 3890 uoco:
731 3819 834 3875 rectius
851 3819 981 3873 distinxit
994 3818 1059 3886 Eup
1109 3815 1144 3871 10
1161 3830 1213 3869 nee
1225 3816 1258 3867 ut
1270 3814 1301 3867 F

147 3917 182 3971 15
201 3916 309 3969 excetra
326 3911 419 3981 R²mp
438 3912 522 3982 Bmp:
541 3914 634 3983 erptra
651 3910 693 3975 M,
714 3910 812 3964 exedra
824 3908 889 3972 PN,
909 3911 938 3961 et
956 3906 1072 3961 ecelesia
1084 3905 1126 3971 Ε·
1144 3905 1297 3959 excetra:

146 4004 247 4074 hydra,
266 4017 339 4072 ptrue
355 3996 458 4071 semper
475 4017 553 4056 neca
571 4000 745 4067 acceperit
762 3997 866 4053 delicia
884 3998 968 4066 (Eup)
1039 3996 1072 4049 16
1090 3995 1180 4064 ipsum
1197 4008 1250 4049 cra.
1267 3991 1300 4045 N

148 4094 182 4148 le
201 4092 268 4147 deos
286 4090 340 4145 sibi
358 4088 431 4159 MN,
449 4089 502 4144 eibi
520 4090 586 4143 deos
603 4088 679 4151 13³3,
699 4087 765 4142 deos
784 4103 836 4141 om.
855 4084 920 4141 ΡΒ1
977 4084 1013 4138 20
1032 4082 1115 4137 duces
1132 4098 1185 4136 carr.
1203 4081 1241 4133 M
1256 4081 1295 4143 (in

146 4199 198 4253 rap.
218 4180 287 4235 add.
304 4196 339 4233 ιιι,
359 4180 385 4246 1)
472 4179 506 4233 21
530 4179 632 4248 moysei
656 4175 796 4240 PMNR1,
818 4176 904 4244 moysi
927 4171 996 4227 FR³
1085 4169 1251 4240 egredientia
1270 4168 1300 4220 F

146 4272 184 4327 22
202 4286 293 4325 morea
312 4268 346 4337 P,
365 4284 415 4322 em.
435 4266 529 4321 MNF
581 4267 615 4321 23
634 4266 771 4335 sequelam
792 4265 848 4318 ΡΝ
900 4264 936 4316 24
954 4260 1038 4315 tridui
1056 4260 1086 4313 F
