3250 4959
433 386 492 439 VH.
511 386 678 440 Aduersus
696 387 895 440 Marcionem
915 387 961 440 lib.
981 387 994 440 I
1014 387 1092 441 8-9.
1277 391 1339 454 301

188 599 265 670 ares
297 581 498 662 prostitutas,
523 579 579 644 sed
604 581 711 645 Attica
734 581 882 645 idolatria
910 587 966 646 est.
1000 582 1075 646 item
1104 583 1233 647 incertis
1263 583 1340 658 deis,

189 686 251 752 sed
275 687 461 768 superstitio
488 687 631 751 Romana
653 692 713 750 est.
741 707 833 769 porro
862 688 972 752 incerti
997 687 1047 752 dei
1071 690 1176 753 minus
1199 689 1277 766 noti,
1306 695 1342 753 ut

187 795 300 858 minus
319 792 408 869 certi,
433 794 465 856 et
487 792 617 874 proinde
636 793 747 876 igricti,
773 813 835 875 qua
859 793 964 857 minus
984 793 1070 860 certi.
1096 814 1189 877 quem
1208 795 1339 859 titulum

188 899 371 964 incidemus
401 917 437 961 er
463 898 589 962 duobus
624 899 681 963 deo
714 899 907 962 Marcionis?
944 903 1125 981 utrumque,
1159 901 1278 981 opiner,
1310 907 1341 964 et

154 1025 277 1070 snunc
305 1006 424 1070 incerto
453 1007 486 1068 et
512 1007 595 1068 retro
623 1003 743 1087 ignoto.
772 1005 858 1071 sicut
885 1005 967 1068 enim
997 1004 1141 1088 ignotum
1170 1008 1342 1070 eumfacit

189 1112 272 1176 deus
296 1116 402 1189 nctus,
426 1115 556 1187 creator,
579 1112 626 1175 ita
649 1114 681 1175 et
703 1111 858 1175 incertum
880 1111 957 1176 deus
979 1115 1094 1176 certus.
1115 1112 1170 1175 sed
1191 1131 1252 1176 non
1272 1133 1341 1176 eua-

189 1219 303 1301 gabcr,
326 1219 375 1282 uti
398 1217 516 1281 dicam:
548 1217 627 1282 deus
651 1219 678 1282 si
703 1219 832 1301 ignotus
857 1218 1110 1299 rutilatumque,
1139 1219 1231 1283 illum
1254 1221 1340 1304 regio

187 1325 385 1388 latebrarum
419 1325 633 1400 obumbrauit,
670 1343 753 1388 noue
785 1325 897 1407 utique
937 1328 968 1388 et
1000 1325 1070 1407 ipsa
1102 1329 1134 1388 et
1166 1326 1277 1408 ignota
1310 1332 1342 1389 et

188 1431 342 1495 similiter
367 1450 449 1494 nunc
474 1450 600 1514 quoque
624 1432 754 1508 incerta,
784 1435 867 1495 certe
891 1433 1034 1495 inmensa
1057 1432 1163 1512 aliqua
1187 1434 1219 1495 et
1242 1431 1341 1498 maier

136 1538 372 1603 ro‘indubitste
391 1557 440 1614 eo,
456 1557 550 1620 quem
570 1538 743 1603 abscondit.
764 1538 820 1603 sed
838 1538 978 1603 breuiter
992 1557 1165 1621 proponam
1181 1544 1213 1602 et
1227 1539 1342 1620 plenis-

187 1645 272 1710 sime
294 1662 439 1725 exequar,
459 1645 674 1727 praescribens
695 1645 789 1708 deum
808 1645 945 1728 ignorari
966 1663 1022 1708 nee
1045 1646 1190 1726 potuisse
1213 1646 1339 1710 nomine

186 1751 422 1835 magnitudinis
446 1770 504 1816 nec
527 1752 675 1816 debuisse
704 1753 829 1816 nomine
853 1751 1070 1835 benignitatis,
1099 1753 1283 1834 praesertim
1308 1752 1338 1815 in

185 1862 328 1940 utroque
355 1858 574 1939 praelatiorem
606 1863 714 1923 nostro
749 1863 897 1922 creatore.
932 1858 988 1922 sed
1021 1859 1169 1939 queniam
1203 1858 1339 1922 animad-

187 1969 282 2028 uerto
309 1965 341 2028 in
371 1965 563 2047 quibusdam
592 1965 630 2028 ad
662 1965 794 2028 formam
824 1963 974 2028 creatoris
1003 1965 1168 2048 prouocari
1197 1969 1340 2047 oportere

139 2095 166 2133 rr
188 2071 296 2135 omrris
315 2070 365 2134 dei
383 2071 460 2136 neni
480 2075 512 2135 et
529 2075 613 2135 retro
632 2071 731 2154 ignoti
751 2071 980 2152 probationem,
1004 2071 1064 2136 hee
1087 2071 1193 2152 ipsum
1218 2072 1340 2135 ratione

186 2177 258 2241 fieri
284 2197 302 2240 a
324 2177 417 2242 uobis
442 2178 528 2259 prius
553 2177 772 2241 commendare
797 2177 927 2255 debebo,
957 2196 1018 2259 quo
1048 2177 1244 2241 constantius
1269 2183 1341 2241 utar

187 2284 324 2348 rationis
353 2283 456 2348 editae
484 2284 668 2366 patrocinio.
702 2287 773 2348 ante
803 2284 910 2347 emnia
937 2283 1065 2365 quidem
1095 2285 1187 2365 quale
1216 2289 1275 2362 est,
1305 2289 1341 2348 ut

188 2391 245 2472 qui
271 2390 365 2454 deum
389 2391 536 2474 agnoscis
561 2394 732 2454 creatorem
757 2394 790 2454 et
811 2391 947 2472 priorem
968 2391 1005 2454 de
1030 2391 1144 2455 notitia
1168 2391 1337 2466 confiteris,

186 2517 252 2562 non
281 2497 402 2562 eisdem
431 2498 533 2561 medis
558 2502 590 2561 et
617 2498 715 2561 alium
744 2499 827 2562 scias
856 2497 915 2561 tibi
943 2497 1192 2576 examinandum,
1222 2498 1338 2580 quibus

138 2605 310 2669 miamin
336 2605 398 2668 alie
427 2605 567 2670 didicisti
592 2605 687 2668 deum
716 2609 831 2669 nesse?
861 2605 963 2668 omnis
991 2623 1041 2668 res
1072 2605 1207 2668 anterior
1234 2608 1338 2686 poste·

188 2711 266 2774 riori
302 2729 445 2775 normam
486 2712 763 2794 praeministrauit.
806 2711 868 2775 duc
908 2730 990 2775 nunc
1023 2710 1074 2774 dei
1110 2715 1338 2794 preponuntur,

189 2819 320 2902 ignotus
349 2820 381 2882 et
408 2824 515 2883 notus.
544 2818 583 2882 de
606 2823 681 2883 noto
705 2823 800 2883 uacat
823 2820 977 2900 quaestio.
1009 2837 1078 2883 esse
1103 2838 1174 2883 eurn
1203 2822 1337 2894 constat,

190 2925 268 3006 quia
290 2928 384 2988 notus
409 2944 470 2989 nen
493 2925 611 2989 fuisset
632 2925 694 2990 nisi
719 2928 815 2989 esset.
844 2926 882 2989 de
906 2925 1015 3008 ignote
1043 2926 1142 2988 instat
1165 2925 1337 2989 altercatio

189 3034 299 3114 potest
312 3031 394 3095 euim
415 3035 448 3095 et
466 3051 526 3095 nou
547 3051 629 3109 esse,
650 3032 771 3114 quiesi
791 3036 887 3108 esset,
903 3035 997 3096 notus
1016 3031 1141 3096 fuisset.
1161 3031 1243 3113 quod
1265 3051 1337 3114 ergo

139 3163 169 3202 2⁵
190 3138 364 3218 quaeritur,
388 3138 540 3220 quamdiu
564 3139 737 3221 ignoratur,
760 3139 791 3200 in
816 3139 934 3202 incerto
960 3142 1018 3214 est,
1045 3137 1194 3219 quamdiu
1219 3138 1338 3218 quaeri-

189 3252 254 3322 tur,
279 3249 312 3309 et
333 3249 442 3327 potest
465 3266 526 3311 noo
551 3265 632 3324 csse,
657 3246 810 3328 quamdiu
835 3247 865 3308 in
891 3247 1007 3309 incerto
1034 3249 1091 3309 est.
1119 3245 1215 3308 babes
1245 3246 1336 3307 deum

192 3355 328 3426 certum,
362 3370 424 3434 qus
456 3356 578 3428 netum,
612 3355 644 3416 et
675 3353 841 3430 incertum,
876 3372 937 3433 qua
964 3352 1118 3436 ignotum.
1151 3351 1178 3414 si
1205 3351 1250 3413 ita
1278 3355 1336 3423 est,

190 3458 307 3539 ecquid
334 3458 393 3523 tibi
422 3459 551 3524 uidetur
578 3459 664 3522 iusta
691 3459 810 3522 ratione
840 3457 976 3534 defendi,
1006 3461 1042 3520 ut
1069 3457 1108 3520 ad
1137 3475 1276 3520 normam
1307 3461 1338 3518 et

229 3680 241 3731 1
262 3645 419 3732 idolatridst
441 3679 478 3732 M
500 3684 525 3743 ic
548 3697 569 3734 a.
592 3696 620 3734 u.
646 3697 664 3731 a
687 3696 722 3732 m.
745 3683 769 3744 1)
843 3678 901 3731 deis
925 3677 966 3745 M,
990 3677 1042 3730 diis
1061 3678 1087 3730 R
1141 3678 1158 3730 4
1183 3695 1213 3730 er
1233 3677 1336 3730 duobus

187 3795 242 3847 diis
256 3794 287 3847 F
339 3795 373 3849 10
386 3795 543 3849 indubitate
557 3796 600 3862 M,
615 3795 770 3849 indubitato
786 3795 813 3847 R
864 3796 895 3848 13
910 3759 1105 3864 praelatiodern
1120 3794 1156 3846 M
1168 3799 1247 3857 (corr.
1263 3811 1296 3848 m.
1312 3800 1337 3858 1)

190 3885 224 3936 19
245 3885 327 3937 atium
346 3889 375 3953 (u
395 3902 428 3938 ex
447 3902 462 3938 a
481 3903 500 3938 a
518 3903 552 3940 oc.
572 3889 596 3951 1)
616 3884 652 3936 Μ
721 3884 756 3937 20
780 3883 900 3937 didicisti
919 3884 965 3942 12³¹.
989 3881 1123 3936 didicistis
1142 3883 1178 3935 M
1200 3887 1222 3947 (s
1246 3887 1338 3950 cras.)‚

188 3972 384 4057 didicissem
474 3975 508 4028 25
532 3973 639 4043 quando
661 3973 802 4043 ignoratur
825 3989 881 4026 oon
905 3972 1045 4054 der-Vliet
1117 3973 1145 4024 in
1175 3972 1277 4025 incerto
1301 3972 1336 4039 R,

189 4072 294 4172 incerte.)
309 4107 346 4160 M
360 4110 439 4176 (corr.
458 4125 493 4162 m.
509 4112 534 4174 1)
588 4108 621 4160 26
640 4108 667 4158 in
688 4108 790 4160 incerto
806 4106 841 4174 R,
861 4072 963 4188 incerte}
978 4106 1015 4158 M
1026 4109 1106 4172 (co-rr.
1121 4123 1155 4159 m.
1169 4112 1193 4172 1)
1249 4106 1282 4158 27
1298 4107 1337 4158 ite

190 4201 234 4250 cst
252 4196 291 4250 M
304 4197 367 4266 (del.
387 4201 429 4250 est
446 4214 480 4253 m.
500 4201 520 4250 2
538 4203 564 4250 et
582 4196 730 4264 adscripsit
748 4195 869 4264 margini
890 4197 900 4246 s
918 4221 950 4240 =
970 4201 1043 4260 sunt)
1122 4195 1156 4248 28
1181 4194 1278 4263 ecquid
1301 4194 1336 4255 R,

189 4286 260 4338 baec
278 4285 343 4355 quid
361 4286 426 4340 ΜΓ
