3250 4959
309 373 350 435 52
535 368 654 433 Quinti
674 368 815 437 Septimi
833 368 1006 422 Plorantis
1025 366 1233 421 Tertulliani

308 566 367 629 hoo
400 564 555 628 sentiunt:
589 580 659 640 uae,
693 562 842 644 quinon,
868 562 943 626 dum
976 563 1006 626 in
1036 563 1095 630 hac
1123 582 1214 628 carne
1247 567 1306 642 est,
1339 582 1455 647 coguo-

308 671 390 735 uerit
413 689 525 734 arcuna
547 669 720 743 haeretica;
749 670 809 733 boc
842 675 893 733 est
924 670 1007 734 enim
1040 669 1124 752 apud
1150 670 1224 734 illos
1256 670 1454 736 resurrectio.

308 777 365 841 sed
405 782 437 841 et
473 776 614 859 plerique
652 777 689 840 ab
728 794 861 841 excessu
897 776 1018 840 animae
1053 777 1316 842 resurrectionem
1352 776 1454 841 uindi-

308 888 415 949 cantes
439 883 477 948 de
505 884 650 966 sepulcro
687 882 769 947 exire
803 882 841 947 de
874 882 1002 948 saeculo
1035 883 1168 948 euadere
1199 884 1454 967 interpretantur,

307 991 382 1073 quia
405 993 437 1055 et
465 992 627 1055 soeculum
662 992 861 1055 mortuorum
891 990 935 1055 sit
965 990 1195 1067 babitaculum,
1227 990 1262 1054 id
1289 993 1339 1055 est
1365 990 1455 1074 igno-
1482 1012 1500 1053 s

307 1097 444 1161 nantium
477 1096 582 1175 deum,
620 1096 673 1161 uel
700 1096 796 1160 etiam
829 1095 868 1159 de
904 1096 974 1178 ipso
1011 1115 1151 1179 corpore,
1179 1098 1253 1181 quia
1280 1100 1315 1160 et
1340 1115 1454 1179 corpus

307 1204 379 1268 uice
411 1202 549 1285 sepulcri
581 1203 763 1267 conclusam
796 1202 933 1267 animam
965 1202 997 1266 in
1030 1204 1204 1268 saecularis
1236 1204 1322 1268 uitae
1353 1207 1455 1268 morte

308 1310 457 1375 detineat.

352 1418 405 1482 20.
426 1415 473 1481 Ob
493 1416 678 1482 huiusmodi
696 1416 795 1501 igitur
810 1416 1008 1481 coniecturas
1022 1416 1157 1498 primam
1170 1417 1454 1500 praestructionem

308 1544 415 1590 eorum
444 1524 611 1607 depellam,
646 1543 708 1606 que
735 1523 850 1588 uolunt
877 1523 983 1588 omnia
1009 1524 1179 1606 prophetas
1211 1543 1268 1607 per
1297 1524 1454 1609 imagines
1472 1548 1500 1587 ro

307 1632 520 1705 contionalem
550 1630 685 1713 quando,
714 1630 741 1695 si
767 1631 815 1694 ita
841 1634 938 1708 esset,
966 1650 1004 1694 ne
1027 1631 1116 1713 ipsae
1143 1630 1271 1713 quidem
1298 1630 1454 1715 imagines

308 1738 462 1822 distingui
490 1738 680 1821 potuissent,
705 1737 733 1801 si
760 1756 821 1801 uon
846 1740 878 1801 et
904 1738 1058 1801 ueritates
1081 1737 1279 1820 praedicatae
1305 1739 1453 1817 fuissent,

307 1865 344 1911 ex
363 1846 479 1927 quibus
497 1844 652 1927 imagines
673 1842 909 1907 deliniarentur.
935 1846 1030 1925 atque
1053 1842 1131 1908 adeo
1151 1844 1180 1909 sl
1199 1844 1303 1909 omnia
1322 1842 1455 1929 figurae,

307 1951 383 2034 quid
408 1952 468 2016 erit
490 1950 581 2027 illud,
610 1950 702 2015 cuius
731 1950 872 2034 figurae?
901 1948 1060 2032 quomodo
1094 1950 1259 2033 speculum
1288 1949 1453 2028 obtendes,

306 2059 333 2123 si
357 2076 514 2140 nusquam
537 2060 587 2121 est
609 2056 728 2121 iacies?
757 2055 835 2120 adeo
864 2058 970 2120 autem
994 2074 1056 2120 nou
1080 2056 1184 2121 omniu
1213 2056 1368 2141 imagines
1396 2056 1453 2122 sed
1471 2079 1498 2121 ro

305 2168 338 2227 et
360 2168 524 2240 ueritates,
547 2180 605 2226 neo
629 2162 734 2227 omnia
764 2162 894 2225 umbrae
923 2162 979 2225 sed
1007 2165 1040 2225 et
1067 2180 1207 2244 corpora,
1232 2163 1322 2228 utin
1345 2162 1451 2247 ipsum

306 2288 432 2353 quoque
447 2269 610 2334 dominum
625 2268 800 2351 insigniore
814 2285 958 2349 quaeque
972 2268 1044 2333 luce
1058 2268 1175 2335 clarius
1191 2270 1454 2352 praedicarentur.

307 2396 378 2441 nam
417 2379 449 2441 et
485 2376 576 2459 uirgo
615 2374 762 2457 concepit
792 2374 824 2438 iu
862 2378 953 2439 utero
991 2394 1051 2439 non
1084 2375 1230 2460 figurate,
1268 2383 1299 2441 et
1330 2378 1454 2461 peperit

306 2481 578 2559 Emmanuhelem,
607 2481 772 2545 uobiscum
802 2481 908 2558 deum,
936 2479 1067 2569 [lesum]
1102 2502 1163 2548 non
1197 2483 1340 2566 oblique;
1369 2488 1403 2548 et
1425 2485 1453 2549 si

306 2590 433 2669 oblique
462 2592 676 2670 ‘accepturum
709 2588 862 2652 uirtutem
898 2588 1045 2653 Damasci
1077 2594 1110 2653 et
1141 2590 1243 2671 spolia
1270 2589 1451 2666 Samariae',
1471 2614 1499 2655 ro

306 2694 362 2759 sed
394 2694 562 2758 manifeste
601 2698 781 2757 ‘uenturum
818 2694 850 2757 iu
889 2694 1044 2759 iudicium
1081 2714 1155 2759 curn
1192 2696 1382 2779 presbyteris
1420 2704 1454 2763 et

305 2800 502 2884 principibus
525 2800 655 2883 populi’.
679 2818 751 2863 uam
777 2804 809 2863 et
831 2801 1112 2865 tumultuatae
1136 2805 1230 2867 sunt
1252 2806 1396 2886 gentes
1419 2804 1451 2868 in

305 2927 439 2991 persona
463 2908 568 2986 Pilati,
593 2910 632 2971 et
654 2908 798 2991 populi
826 2906 1016 2971 meditati
1043 2914 1139 2973 sunt
1165 2908 1302 2973 inania
1327 2908 1361 2973 iu
1384 2930 1454 2995 per·

305 3032 383 3079 sona
410 3014 574 3093 Israhelis;
599 3014 829 3078 astiterunt
852 3032 968 3098 reges
992 3019 1134 3092 terrae,
1160 3015 1313 3088 Herodes.
1337 3020 1377 3081 et
1399 3036 1452 3081 ar-

306 3121 475 3187 chontes
509 3121 748 3204 congregati
781 3124 876 3185 sunt
904 3120 940 3185 in
965 3122 1093 3198 unum',
1118 3125 1223 3185 Annas
1248 3126 1281 3185 et
1303 3122 1451 3205 Caiphae,
1469 3147 1498 3189 a

306 3226 505 3293 aduersus
530 3228 731 3292 dominum
757 3230 795 3290 et
820 3227 1019 3293 aduersus
1044 3228 1253 3293 Christum
1272 3228 1371 3294 eius.
1396 3231 1452 3311 qni

306 3340 338 3398 et
369 3336 569 3416 tamquam
605 3334 694 3399 ouis
732 3333 777 3397 ud
814 3334 1116 3416 iugulationem
1146 3334 1302 3400 adductus
1327 3340 1387 3414 cst,
1418 3341 1453 3401 et

305 3442 504 3521 tamquam
543 3459 670 3523 agnus
708 3442 799 3503 ente
837 3438 1082 3517 tondentem,
1121 3442 1244 3505 scilicet
1280 3442 1450 3518 Herodem,

305 3544 372 3610 sine
396 3564 475 3610 uoce
501 3582 543 3591 -
567 3547 625 3610 sic
649 3565 722 3611 non
748 3546 910 3627 aperuit
935 3565 976 3611 os
1001 3566 1113 3611 suum
1138 3584 1182 3593 —
1206 3548 1335 3613 dorsum
1355 3570 1450 3615 suum

394 3718 437 3788 rs]
458 3718 491 3773 or.
511 3718 556 3773 us.
577 3720 601 3784 r,
623 3720 668 3784 14;
689 3720 787 3775 unctu.
808 3722 833 3783 1,
853 3722 896 3775 22.
965 3721 1011 3791 2ο]
1030 3720 1063 3775 er.
1082 3722 1127 3776 as.
1146 3723 1172 3782 e,
1190 3722 1217 3777 4.
1285 3723 1331 3793 ar]
1352 3722 1386 3778 cr.
1405 3724 1450 3779 aa.

303 3806 391 3868 3.14.
446 3808 492 3877 22]
512 3806 556 3862 rs.
576 3808 601 3871 2,
622 3809 698 3863 1-2.
754 3810 800 3878 22]
820 3808 866 3863 aa.
887 3809 930 3876 sa,
950 3811 975 3865 r.
1029 3811 1075 3879 22]
1095 3811 1128 3865 cr.
1148 3811 1195 3865 us.
1214 3812 1257 3875 no,
1276 3814 1301 3867 c.

339 3914 424 3967 duel
442 3930 493 3971 om.
513 3914 543 3967 F
594 3914 776 3969 8detiuebat
796 3915 848 3971 aar
906 3916 938 3970 13
962 3917 1152 3972 diliniurentur
1170 3918 1208 3972 M
1261 3920 1294 3973 14
1316 3919 1449 3975 obtendas

302 4001 469 4069 P(corr.ll)
525 4003 557 4055 19
573 4004 747 4058 deumPam:
762 4006 900 4059 dominnm
914 4005 1007 4060 PMF
1074 4007 1276 4062 Iesumsecluai
1327 4010 1363 4063 22
1377 4010 1449 4079 prin·

303 4090 408 4159 cipibus
427 4090 522 4159 PMF,
543 4092 717 4146 archontibus
738 4093 790 4146 Gel
844 4095 878 4147 27
902 4094 1101 4163 iugulationem
1119 4096 1214 4164 PMF,
1238 4096 1376 4151 uictimam
1397 4096 1450 4153 Gel

303 4180 337 4232 28
356 4178 514 4232 tondentem
532 4182 601 4247 <se>
621 4181 672 4235 Gal
725 4181 925 4250 cestretona,
943 4186 984 4237 eie
997 4199 1050 4237 uon
1064 4186 1172 4254 aperuit
1185 4202 1215 4238 os
1229 4202 1320 4253 snum,
1340 4185 1448 4241 dorsum

301 4268 399 4338 culpo:
417 4268 516 4322 recline
537 4268 664 4323 distinxit
682 4270 747 4338 Eup
818 4288 896 4324 snum
915 4272 1020 4342 (mos)
1038 4288 1090 4327 om.
1109 4271 1139 4326 F
