3250 4959
319 316 458 382 XXVIII
785 313 1006 371 Praefatio.

321 508 526 597 Vaticanae¹)
545 510 658 590 editae,
668 510 693 595 ²)
713 510 969 577 emendationum
987 512 1139 577 maiorem
1157 514 1280 596 partem
1299 530 1335 576 ex
1353 511 1471 575 ‘uetere

319 616 440 683 codice’
454 617 656 700 desumptam
671 620 821 700 proterua
838 617 942 682 fronte
957 616 1160 683 contendunt.
1180 616 1265 700 quod
1279 634 1471 699 quamquam

321 741 394 789 eum
412 722 549 791 Oehlero
573 741 630 807 pro
654 723 817 789 mendacio
841 727 919 809 puto
943 723 1175 806 accipiendum,
1198 727 1384 789 tamennon
1404 725 1472 788 tau-

319 832 388 895 tum
417 833 571 914 quantum
599 830 655 895 ille
679 830 801 895 detrahi
825 830 923 895 uelim
947 830 1054 896 Ursini
1081 829 1247 914 splendido
1270 830 1410 915 iugenio,
1437 830 1469 894 in

320 936 515 1003 emendando
531 940 594 1002 tam
609 936 708 1015 felici,
728 939 765 1003 ut
778 939 904 1022 praeter
916 936 1101 1002 Rhenanam
1120 940 1154 1002 et
1166 937 1294 1002 Iunium
1311 936 1470 1001 nemiuem

318 1047 385 1109 tam
418 1062 513 1128 saepe
542 1064 577 1109 ex
606 1044 786 1110 coniectura
817 1062 929 1109 uerum
961 1044 1123 1111 inuenisse
1162 1044 1340 1111 existimem
1376 1063 1470 1127 quam

317 1150 472 1217 Fuluium
499 1150 661 1219 Ursinunn
695 1186 739 1199 —
768 1150 855 1216 Usus
879 1153 930 1216 est
953 1154 1060 1217 antem
1083 1151 1245 1236 Rigaltius
1267 1152 1393 1233 praeter
1415 1168 1470 1215 eos

318 1276 398 1339 quos
424 1276 521 1341 supra
543 1257 707 1323 nominaui
730 1257 857 1323 codices
882 1257 979 1323 etiam
1002 1258 1158 1342 excerptis
1186 1277 1223 1322 ex
1245 1257 1317 1323 aliis
1340 1257 1470 1341 quibus·

318 1362 392 1429 dam
424 1363 587 1431 codicibus
621 1364 798 1447 scripturis,
837 1384 972 1448 quorum
1007 1364 1154 1430 notitiam
1185 1363 1281 1431 bodie
1314 1364 1468 1430 habemus

317 1470 447 1546 nullam,
480 1470 615 1555 margini
647 1470 796 1536 editionis
819 1470 1041 1536 Rhenanianae
1068 1474 1106 1536 ut
1131 1471 1260 1536 uidetur
1287 1469 1468 1557 adscriptis,

316 1576 481 1661 inquibus
496 1575 706 1643 nominandus
723 1579 774 1643 est
787 1578 885 1644 codar
898 1576 1158 1666 Diuioneusis‚
1174 1577 1229 1660 qui
1244 1581 1361 1657 tamen
1372 1594 1468 1659 quan·

316 1687 386 1750 tum
419 1704 455 1749 ex
487 1684 675 1767 parcissima
707 1683 776 1749 eine
808 1684 962 1749 memoria
987 1686 1066 1750 licet
1092 1684 1243 1763 iudicare,
1275 1685 1378 1749 malae
1405 1681 1469 1748 fuit

316 1795 419 1871 uotae,
434 1794 472 1857 ut
484 1794 570 1856 recte
583 1790 741 1856 iudicauit
754 1788 922 1857 Oehlerus.
937 1791 976 1857 de
991 1792 1190 1858 emendatore
1204 1794 1312 1857 autem
1326 1789 1466 1875 Rigaltio

316 1896 421 1964 eiiam
435 1897 598 1965 ferendum
616 1901 667 1964 eet
684 1897 851 1978 iudicium,
874 1898 909 1963 id
926 1899 957 1964 ei
974 1898 1131 1984 imprimis
1149 1898 1238 1964 laudi
1255 1897 1354 1963 uelim
1373 1896 1465 1970 uerti,

316 2004 401 2089 quod
433 2004 591 2072 editorum
624 2006 766 2071 omnium
797 2005 931 2089 primus,
963 2025 1002 2071 ne
1035 2006 1138 2071 dicam
1174 2005 1273 2086 solus,
1307 2003 1468 2090 perspexit

314 2112 499 2179 recentioris
514 2112 686 2178 memoriae
700 2111 826 2179 codices
841 2131 949 2178 omnes
964 2112 1005 2179 ad
1018 2131 1116 2177 unum
1131 2114 1343 2179 correctorum
1352 2130 1466 2177 manus

314 2234 428 2303 passos
451 2216 564 2300 ossei)
588 2236 652 2301 qua
674 2217 857 2303 cognitione
879 2218 1055 2284 instructus
1077 2219 1340 2302 interpolatorum
1358 2218 1467 2303 inepta

315 2328 495 2390 commenta
513 2324 566 2389 hic
584 2324 653 2389 illic
671 2324 776 2390 delere
795 2344 894 2390 ausus
914 2327 974 2403 est,
996 2325 1029 2389 in
1049 2324 1166 2409 quibus
1186 2328 1350 2391 antaeum
1371 2343 1464 2390 nemo

315 2431 498 2511 offenderat,
523 2432 609 2498 sicut
627 2434 659 2496 et
677 2430 709 2497 in
734 2431 920 2514 supplendis
944 2433 1001 2511 eis,
1025 2451 1106 2516 quas
1123 2432 1247 2498 incuria
1263 2431 1463 2498 librariorum

313 2537 514 2605 intercidisse
527 2537 672 2622 putabat,
692 2537 851 2623 prioribus
866 2539 1028 2622 aliquanto
1048 2542 1100 2605 est
1117 2540 1276 2605 audacior.
1295 2540 1327 2605 in
1343 2538 1464 2605 coniec-

315 2644 409 2711 tando
424 2663 539 2731 parcus
554 2648 606 2711 est
623 2644 680 2711 sed
700 2644 777 2711 adeo
796 2645 882 2724 felix,
901 2648 940 2711 ut
957 2646 1212 2712 coniecturarum
1226 2646 1296 2712 eius
1310 2645 1462 2711 maiorem

314 2755 437 2835 partem
459 2751 541 2817 inter
563 2752 661 2817 uerba
683 2751 896 2835 recipiendam
920 2752 1114 2818 duxerimus.

358 2857 596 2924 Praetermissis
629 2878 708 2942 quae
742 2877 879 2943 sequena
911 2861 999 2925 aetas
1032 2859 1109 2924 tulit
1136 2860 1304 2937 editiones,
1328 2859 1464 2926 Ssmle

313 2965 455 3031 rianam
480 2964 551 3030 dico
574 2965 666 3031 Halia
691 2964 779 3031 annis
806 2966 1028 3033 1769-1776
1055 2967 1245 3053 impressam
1275 2969 1308 3033 et
1329 2967 1463 3052 Migui-

313 3091 419 3137 anam
441 3070 567 3159 (Patres
591 3070 682 3136 latini
705 3072 768 3137 uol.
786 3073 803 3138 Ι
822 3076 856 3137 et
877 3072 932 3153 Il),
957 3073 1075 3158 quippe
1100 3093 1179 3158 quae
1202 3076 1328 3139 tantum
1350 3093 1412 3139 nou
1429 3072 1461 3138 iu

314 3178 460 3245 omnibus
489 3178 663 3262 exprimant
690 3178 861 3246 editionem
887 3179 1149 3273 Rigaltianam‚⁴)
1181 3180 1222 3245 ad
1252 3180 1462 3246 nouissimam

359 3333 379 3401 ¹)
396 3331 543 3388 Adseruari
567 3334 654 3390 adhuc
676 3336 705 3388 in
731 3334 863 3389 Vaticana
884 3336 1096 3405 manuscriptum
1119 3334 1190 3390 illud
1217 3334 1284 3401 nidi,
1307 3350 1461 3407 comparare

313 3440 373 3478 curn
392 3422 526 3478 Wouweri
545 3424 665 3480 editione
684 3440 748 3495 prae
766 3424 898 3494 temporie
916 3426 1052 3494 angustiis
1069 3442 1124 3479 nou
1141 3426 1228 3496 potui.

358 3510 379 3581 ²)
398 3513 453 3567 Sub
474 3512 569 3567 titulo:
589 3514 637 3569 Ab
656 3513 687 3584 Q.
707 3512 944 3581 depasturum
965 3513 1134 3569 Tertulliani
1155 3530 1241 3583 opera
1257 3514 1463 3571 annuorum

311 3600 481 3669 epidicticoa
509 3602 632 3657 Ioannes
660 3618 679 3655 u
710 3601 837 3657 Wourocr
864 3602 1053 3672 Frnnoofurta'
1080 3604 1120 3657 ud
1145 3604 1287 3659 Moenum.
1314 3602 1460 3673 Impondio

311 3688 528 3744 Rutundiorum.
550 3688 636 3760 Typa'e
654 3689 846 3745 Ricbtcriuna'a
862 3690 1027 3745 MDGXII.

358 3776 379 3843 ³)
400 3776 433 3831 cf.
458 3794 527 3847 qnae
550 3777 619 3831 dicit
641 3777 669 3831 in
693 3777 875 3848 praefatione:
901 3780 982 3850 Quoad
1001 3780 1028 3834 ai
1049 3786 1171 3835 ueterum
1192 3781 1325 3836 libromm
1346 3780 1460 3851 (sacculi

311 3864 419 3920 scilicet
440 3866 577 3919 undecimi
602 3865 719 3933 codices)
744 3868 866 3936 appellen
882 3868 976 3937 fidem.
1000 3870 1084 3924 etiam
1105 3876 1226 3924 ueterum
1248 3870 1382 3925 librorum
1399 3868 1460 3938 fide

310 3953 479 4009 fututurum
496 3954 625 4009 lectiones
638 3954 975 4011 numerumnunerum
989 3964 1014 4011 ct
1028 3957 1095 4011 libri
1110 3964 1214 4013 ueteres
1232 3958 1460 4027 dcprauoia'aeima

309 4042 433 4109 conecti,
450 4060 537 4113 nepae
554 4044 617 4098 ullu
633 4060 694 4113 epae
711 4045 883 4100 reducendae
900 4062 1026 4115 tuaquom
1042 4047 1180 4113 ueritatis,
1202 4047 1260 4101 uici
1282 4054 1339 4101 tom
1355 4052 1459 4101 ueteres

309 4132 515 4200 nanciscamur,
532 4137 565 4187 nt
581 4132 639 4187 sint
657 4134 780 4187 omnium
797 4140 979 4189 correctorum
997 4135 1168 4204 antiaue'tutc
1183 4135 1355 4189 uetustiores.

355 4219 376 4285 ⁴)
396 4220 457 4274 Non
478 4222 586 4275 omnino
607 4238 652 4275 aas
672 4238 687 4275 a
706 4238 748 4276 me
766 4223 909 4292 neglectae
928 4240 987 4278 ease
1007 4222 1116 4277 docebit
1134 4227 1279 4294 apparatus
1298 4225 1416 4280 criticus.
