3250 4959
412 389 447 444 11.
466 390 512 443 De
532 390 650 445 Carnis
670 392 927 446 Resurrectione
947 393 1061 470 187-19.
1269 398 1309 459 51

159 584 342 666 sepulcri
382 585 606 661 uobiscum,
648 590 686 649 et
725 586 895 650 humabo
936 589 1135 651 mortuum
1175 606 1312 667 meum,

158 709 285 756 carnem
306 692 439 757 seilicet.
459 711 560 775 neque
580 693 662 756 enim
683 694 804 757 animae
824 693 1002 757 humandae
1022 694 1161 775 spatium
1185 693 1309 757 deside-

157 801 272 869 rasset,
307 803 339 862 et
370 798 399 863 si
431 799 536 863 anima
564 798 707 863 mortalis
737 799 928 874 crederetur,
959 804 992 865 et
1019 802 1048 865 si
1074 803 1221 865 mortuus
1250 800 1312 863 dici

158 908 342 969 mereretur.
372 905 485 989 quodsi
518 910 663 971 mortuus
691 925 806 989 corpus
836 911 894 984 est,
929 926 1096 990 corporum
1124 909 1184 972 erit
1210 926 1312 972 resur-

125 1012 272 1087 rrectio,
297 1030 370 1076 cum
394 1012 511 1077 dieitur
538 1016 746 1077 mortuorum.

208 1119 258 1182 19.
281 1118 323 1181 Et
341 1118 417 1183 haec
436 1119 545 1200 itaquo
564 1119 719 1201 dispectio
740 1119 829 1184 tituli
848 1123 879 1183 et
898 1120 1057 1203 praeconii
1081 1120 1193 1203 ipsius,
1216 1118 1312 1185 fidem

158 1223 274 1305 utique
298 1224 468 1289 defendens
495 1226 735 1305 uocabulorum,
765 1225 844 1289 illuc
867 1223 1018 1307 proficere
1047 1225 1185 1299 debebit,
1213 1230 1259 1291 ut.
1284 1226 1312 1289 si

159 1329 239 1413 quid
267 1330 393 1395 diuersa
424 1350 496 1413 pars
525 1332 632 1396 turbat
661 1332 795 1397 obtentu
823 1329 996 1414 figurarum
1025 1335 1057 1395 et
1085 1332 1313 1413 aenigmatum,

159 1436 379 1502 manifestiore
416 1456 558 1521 quaeque
595 1440 797 1521 praeualesnt
834 1444 867 1503 et
909 1435 972 1524 [de]
1007 1438 1137 1501 incertis
1178 1438 1313 1502 certiora

112 1568 141 1608 ro
158 1544 385 1625 praescribant.
415 1545 498 1609 nacti
527 1546 610 1609 enim
640 1545 768 1627 quidam
793 1544 1073 1610 sollemnissimam
1098 1544 1215 1626 eloquii
1241 1563 1312 1626 pro·

160 1650 281 1732 phetici
308 1651 452 1725 formam,
481 1652 643 1735 allegorici
673 1656 705 1716 et
732 1652 860 1735 figurati
890 1651 1088 1734 plerumque,
1117 1670 1178 1715 non
1205 1655 1311 1715 tamen

161 1774 296 1837 semper,
323 1760 584 1822 resurrectionem
613 1778 739 1841 quoque
768 1762 967 1823 mortuorum
995 1758 1162 1822 manifeste
1195 1757 1312 1820 adnun-

160 1862 271 1927 tiatam
287 1863 318 1927 in
333 1863 550 1947 imaginarium
573 1865 839 1949 significationem
860 1865 1069 1947 distorquent,
1088 1864 1312 1928 adseueranter

159 1969 264 2051 ipsam
288 1970 383 2033 etiam
407 1974 542 2035 mortem
562 1972 747 2053 spiritaliter
765 1970 1021 2054 intellegendam.
1044 1971 1208 2034 nonenim
1231 1968 1311 2033 hene

115 2100 142 2138 rs
162 2094 234 2139 esse
270 2076 303 2140 in
341 2095 427 2154 uero,
465 2096 545 2159 qnae
583 2078 626 2141 sit
661 2080 692 2143 in
730 2078 846 2149 medio,
880 2076 1050 2141 discidium
1085 2075 1186 2139 carnis
1216 2080 1311 2155 atque

163 2182 296 2259 animae,
329 2183 385 2247 sed
416 2182 625 2267 ignorantiam
656 2184 716 2257 dei,
750 2204 805 2267 per
833 2203 927 2265 quam
956 2184 1050 2248 homo
1079 2186 1224 2246 mortuus
1253 2180 1310 2245 deo

163 2308 222 2353 non
242 2289 348 2353 minus
367 2290 398 2354 in
418 2290 564 2372 sepulcro
583 2291 717 2355 iacuerit
737 2310 830 2372 quarn
850 2290 882 2354 in
902 2308 1014 2354 errore.
1033 2290 1140 2369 itaque
1160 2293 1192 2351 et
1209 2306 1310 2351 resur-

161 2396 332 2460 rectionem
357 2415 425 2459 eam
455 2395 687 2473 uindicandam,
717 2415 780 2479 qna
808 2396 878 2478 quis
908 2397 993 2459 adita
1026 2395 1159 2459 ueritate
1186 2393 1307 2457 redeni-

162 2504 267 2565 matus
296 2504 328 2565 et
353 2502 572 2567 reniuilioutus
601 2502 658 2567 deo
687 2502 883 2587 ignorantiae
910 2505 1011 2565 morte
1044 2500 1190 2564 discussa
1218 2498 1310 2561 uelut

115 2633 143 2669 a»
162 2608 199 2671 de
224 2610 370 2691 sepulcro
395 2609 511 2673 ueteris
531 2609 669 2674 hominis
694 2610 844 2689 eruperit,
868 2608 943 2687 quia
962 2616 993 2671 et
1017 2606 1164 2670 dominus
1188 2604 1309 2669 scribas

160 2718 192 2778 et
218 2715 409 2781 Pharisaeos
439 2716 595 2798 sepulcris
629 2716 783 2781 dealbatis
823 2714 1057 2797 adsequauerit.
1091 2710 1199 2776 exinde
1232 2729 1306 2794 ergo

158 2824 420 2887 resurrectionem
451 2822 512 2887 fide
545 2826 734 2888 consecutos
769 2842 841 2887 oum
867 2822 993 2886 domino
1024 2838 1105 2893 esse,
1134 2836 1205 2882 curn
1235 2836 1308 2881 eum

159 2928 188 2991 in
211 2928 404 3009 baptismate
426 2929 595 2995 induerint.
618 2930 679 2994 hoc
703 2930 839 3011 donique
865 2928 994 3013 ingenio
1024 2927 1118 2991 etiam
1147 2927 1178 2989 in
1203 2924 1308 2988 conlo·

159 3034 241 3117 qniis
266 3052 360 3116 saepe
383 3038 509 3099 nostros
534 3035 679 3115 decipere
702 3038 906 3108 consuerunt,
937 3033 1028 3115 quasi
1057 3037 1088 3097 et
1116 3032 1178 3115 ipsi
1207 3048 1307 3094 resur·

116 3142 332 3207 erectionem
366 3142 468 3205 carnis
501 3141 683 3206 admittant.
708 3146 798 3218 ‘uae',
823 3142 982 3223 inquiunt,
1008 3141 1157 3221 ‘quinon
1190 3138 1220 3201 in
1249 3136 1308 3199 hac

161 3266 251 3311 carne
270 3248 500 3323 resurrexerit'3
521 3268 559 3313 ne
579 3249 686 3312 statim
706 3249 780 3312 illos
798 3248 987 3329 percutiant,
1003 3247 1031 3310 si
1045 3243 1307 3310 resurrectionem

161 3355 268 3419 statim
293 3355 469 3421 abnuerint.
500 3336 596 3421 tacite
625 3360 731 3419 autern
761 3354 935 3419 secundum
965 3352 1190 3418 conscientiam
1216 3367 1308 3412 suam

249 3542 295 3611 20]
314 3541 347 3595 er.
366 3540 436 3612 npr.
456 3545 482 3611 4,
501 3542 548 3607 se
569 3540 626 3595 cu.
646 3541 671 3605 a,
692 3543 717 3595 e.
772 3543 818 3610 21]
840 3541 874 3594 er.
893 3540 993 3593 uarro.
1013 3540 1055 3608 23,
1075 3540 1118 3593 27.

159 3656 162 3661 ’
198 3668 210 3717 1
240 3670 373 3720 mortuum
402 3682 490 3719 meum
521 3664 585 3719 dez:
612 3668 747 3718 mortuam
775 3682 863 3718 meam
891 3662 1006 3717 PMFO
1066 3664 1084 3715 4
1114 3667 1250 3715 mortuum
1280 3662 1307 3713 B

164 3755 178 3806 7
197 3754 220 3807 si
239 3754 305 3823 qnid
325 3754 431 3807 diuersa
450 3770 511 3822 pers
529 3754 592 3822 FB,
612 3753 635 3806 si
659 3770 713 3822 qua
736 3770 798 3823 pars
823 3754 931 3806 diuersa
949 3753 1012 3806 PM
1082 3752 1099 3804 9
1118 3751 1308 3820 praeualeatur

162 3840 192 3894 F
265 3842 298 3896 de
324 3842 423 3897 seclscer'
448 3843 599 3911 (irrepsisse
624 3842 736 3896 uidetur
763 3860 796 3896 ecc
818 3845 855 3895 54
884 3846 913 3908 2)
994 3842 1027 3895 10
1055 3840 1254 3910 praescribatur
1280 3838 1312 3892 F

166 3933 197 3985 14
216 3935 328 3985 mortem
348 3948 399 3985 om.
413 3932 441 3984 P
458 3932 535 3995 (cdd.
554 3934 582 3985 R
601 3949 633 3986 eo:
646 3932 854 4001 Hirsaupienoe)
921 3933 954 3985 15
974 3930 1117 3984 discidium
1136 3930 1167 3983 F
1167 3929 1232 3983 Get:
1252 3928 1306 3981 dis-

163 4019 259 4073 sidium
279 4020 342 4074 PM
395 4022 427 4074 17
447 4021 570 4076 ordinem
588 4022 734 4075 uerborum
752 4022 868 4075 deuerti:
893 4021 921 4073 in
942 4037 1030 4075 errore
1048 4021 1161 4073 iacuerit
1180 4034 1260 4086 quam
1279 4018 1307 4071 in

163 4109 284 4178 sepulcro
305 4108 397 4163 PMF
451 4110 483 4164 18
506 4109 581 4163 adita
598 4108 647 4177 13³,
671 4109 765 4164 addita
783 4110 912 4165 PMFR¹
967 4111 1000 4163 19
1018 4116 1105 4161 morte
1123 4108 1158 4161 M
1180 4108 1222 4168 lin
1239 4110 1308 4171 ras.)

164 4196 197 4248 22
216 4214 275 4251 coru
296 4214 356 4251 eum
370 4198 397 4251 in
411 4198 575 4267 baptismate
589 4200 624 4263 Β,
645 4215 704 4252 curn
724 4198 860 4268 baptisma
875 4198 965 4252 PMF
1016 4200 1051 4250 24
1063 4201 1226 4251 consuerunt
1240 4194 1307 4256 PM,

164 4289 361 4339 consueuerant
378 4284 409 4339 F

1239 4389 1269 4437 4,
