3250 4959
385 448 446 502 vll.
466 447 851 504 Aduersua'ldarcionem
871 448 919 502 lib.
939 448 967 502 Il
986 450 1082 503 9-10·
1251 455 1317 518 349

155 649 259 721 lum,
298 646 551 728 onychinum,
591 648 629 709 et
662 663 758 710 auro
790 645 966 726 replesti
1000 645 1144 710 horrea
1175 650 1245 710 tua
1279 651 1318 711 et

156 754 505 817 thesaurostuos.
528 769 658 831 exque
677 749 740 814 die
766 749 958 814 conditus
979 769 1030 826 as,
1051 769 1137 814 cum
1157 751 1316 817 Cherub

155 858 344 940 imposui
373 861 413 920 te
440 857 478 921 in
513 860 646 920 monte
679 860 823 920 saneto
857 855 929 933 dei,
964 857 1087 922 fuisti
1116 859 1153 920 in
1184 859 1315 924 medio

154 965 346 1047 lapidum
379 965 601 1048 ignearum.
640 963 765 1027 fuisti
796 962 1143 1047 inuitnperabilis
1172 964 1209 1028 in
1240 965 1316 1030 die-

118 1071 238 1135 abus
268 1071 364 1148 tuis,
393 1090 435 1135 er
465 1089 539 1154 qua
568 1070 632 1133 die
661 1070 853 1134 conditus
883 1089 934 1146 es,
965 1071 1088 1135 donec
1121 1071 1315 1136 inuentae

156 1181 257 1241 snut
279 1178 472 1242 laesurae
495 1181 604 1240 tuae:
638 1176 683 1240 de
707 1176 979 1240 multitudine
1009 1178 1314 1260 negotiationis

158 1287 258 1349 tuae
287 1303 447 1366 promas
477 1287 569 1348 tuas
598 1283 773 1364 replesti
803 1286 843 1346 et
871 1283 1104 1365 deliquisti,
1139 1289 1169 1348 et
1198 1287 1313 1362 cetera,

157 1411 243 1472 qnae
267 1390 306 1455 ad
331 1390 590 1475 suggillationem
610 1390 727 1473 angeli,
752 1407 812 1452 non
838 1389 876 1453 ad
900 1389 989 1454 illius
1013 1390 1163 1473 principis
1187 1391 1312 1474 proprie

155 1497 318 1579 pertinere
337 1497 543 1561 manifestum
563 1500 613 1560 est
631 1515 678 1573 eo,
704 1496 789 1577 qnod
809 1515 901 1560 nemo
925 1497 1090 1562 hominum
1114 1497 1146 1560 in
1164 1497 1311 1579 paradiso

107 1632 135 1670 no
158 1603 214 1668 del
239 1608 332 1668 natus
361 1605 414 1681 sit,
443 1623 482 1667 ne
506 1604 575 1686 ipse
600 1603 728 1685 quidem
751 1602 864 1680 Adam,
894 1605 1068 1668 translatus
1092 1603 1198 1685 potius
1223 1603 1311 1678 illuc,

156 1730 218 1774 nec
247 1730 320 1775 eum
349 1709 473 1776 Cherub
502 1711 673 1792 impositus
701 1711 733 1773 in
762 1713 868 1773 monte
898 1712 1006 1773 sancto
1040 1709 1100 1785 dei,
1135 1709 1167 1773 id
1200 1713 1250 1774 est
1278 1711 1309 1773 in

157 1817 360 1882 sublimitate
380 1818 521 1895 caelesti,
546 1817 585 1881 de
604 1837 666 1899 qua
685 1821 814 1880 satanan
835 1816 982 1880 dominus
1003 1835 1127 1899 quoque
1152 1816 1309 1882 decidisse

157 1927 308 2002 testatur,
332 1944 390 1989 nec
408 1926 490 1989 inter
507 1924 630 2007 lapides
654 1925 764 2007 igneos
789 1923 981 1999 demoratus,
1005 1923 1088 1986 inter
1111 1927 1307 2007 gemmantes

157 2029 301 2094 siderum
331 2029 508 2094 ardentium
536 2029 651 2106 radios,
679 2028 761 2093 unde
790 2029 886 2093 etiam
916 2029 1005 2110 quasi
1033 2029 1142 2112 fulgur
1166 2028 1307 2094 deiectus

107 2166 134 2204 aa
159 2140 211 2200 est
249 2140 384 2202 satanas.
428 2137 483 2201 sed
513 2138 582 2219 ipse
615 2140 726 2201 artetur
759 2136 868 2200 delicti
901 2136 933 2199 in
965 2154 1100 2217 persona
1131 2137 1307 2216 peccatoris

155 2243 220 2306 uiri
240 2244 457 2321 denotabatur,
483 2247 564 2308 retro
585 2243 712 2326 quidem
733 2243 988 2325 innituperabilis
1008 2262 1025 2305 a
1045 2241 1095 2305 die
1116 2243 1305 2308 conditionis

157 2369 246 2425 suae,
276 2349 376 2413 adeo
403 2350 434 2414 in
463 2350 580 2415 bonum
611 2350 758 2414 conditus
787 2353 824 2413 ut
853 2351 974 2414 abono
1005 2349 1165 2414 conditore
1189 2349 1306 2413 inuitu-

155 2456 345 2537 perabilium
376 2456 590 2520 conditionum
620 2458 652 2520 et
680 2459 823 2521 excultus
853 2457 937 2521 omni
967 2456 1068 2541 gloria
1100 2456 1242 2540 angelica
1274 2461 1306 2520 et

155 2563 243 2645 apud
267 2563 361 2626 deum
385 2565 591 2644 constitutus,
621 2583 682 2646 qua
706 2565 807 2628 bonus
833 2563 916 2646 apud
939 2564 1068 2640 honum,
1093 2567 1205 2646 postea
1228 2582 1303 2628 uero

104 2688 175 2736 zoa
208 2668 382 2749 semetipso
415 2669 588 2733 translatus
622 2670 651 2732 ln
686 2669 814 2733 malum.
864 2689 905 2733 ex
944 2687 1018 2750 qno
1058 2670 1151 2744 enim,
1189 2670 1302 2751 inquit,

155 2780 434 2857 apparuerunt
465 2777 655 2840 laesurae
688 2780 792 2854 tuae,
826 2776 873 2839 illi
906 2795 958 2840 eas
992 2779 1151 2857 reputans,
1186 2775 1301 2859 quibus

154 2880 282 2944 scilicet
308 2881 403 2945 laesit
430 2881 591 2946 hominem
621 2883 758 2946 electum
787 2900 804 2944 a
829 2881 878 2945 dei
909 2883 1070 2963 obsequio.
1112 2886 1144 2945 et
1167 2880 1303 2963 deliquit

153 3007 191 3049 ex
215 2987 282 3064 illo,
311 3007 347 3051 ex
371 3007 433 3070 quo
457 2987 607 3053 delictum
634 2989 816 3065 seminauit,
841 2994 936 3070 atque
959 2990 1005 3052 ita
1028 2987 1137 3052 exinde
1160 2988 1302 3072 negotia-

151 3093 261 3171 tionis,
285 3093 319 3156 id
337 3098 387 3158 est
405 3094 545 3158 malitiae
564 3115 650 3172 suae,
674 3095 913 3159 multitudinem
939 3097 1087 3171 exercuit,
1113 3095 1301 3158 delictorum

103 3232 133 3272 25
153 3199 280 3263 scilicet
307 3219 448 3266 censum.
477 3202 538 3264 non
566 3203 671 3265 minus
700 3203 823 3284 etipse
852 3202 943 3266 liberi
971 3202 1091 3265 arbitrii
1120 3202 1299 3278 institutus,

150 3309 190 3369 ut
207 3305 347 3386 spiritus.
372 3306 451 3370 nihil
471 3307 553 3371 enim
573 3308 651 3371 deus
674 3307 851 3391 proximum
876 3309 937 3372 sibi
962 3327 1021 3371 non
1047 3308 1193 3392 libertate
1217 3307 1300 3370 eius-

150 3411 240 3476 modi
267 3413 454 3476 ordinasset.
488 3433 581 3495 qnem
609 3417 714 3478 tamen
745 3417 777 3478 et
804 3414 1053 3497 praedamnando
1084 3418 1221 3478 testatus
1250 3417 1300 3476 est

151 3519 192 3582 ab
209 3519 422 3584 institutionis
440 3521 541 3585 forma
559 3521 689 3585 libidine
708 3523 835 3604 propria
858 3526 1027 3604 conceptae
1050 3521 1134 3584 ultro
1158 3519 1299 3583 malitiae

243 3694 285 3762 14]
306 3693 339 3748 cf.
359 3695 424 3748 aue.
445 3697 485 3762 ro,
508 3696 547 3749 ra.
603 3697 649 3765 ao]
669 3698 714 3753 az.
734 3699 776 3758 aa,
798 3699 839 3750 15.
896 3697 940 3765 aa]
961 3699 993 3750 a:
1014 3697 1060 3750 m.
1080 3699 1122 3762 aa,
1143 3698 1184 3749 ra.

189 3819 201 3869 l
227 3817 369 3886 onychium
396 3817 448 3872 Get
510 3821 527 3872 2
551 3820 657 3874 Cherub
680 3822 797 3889 imposui
824 3821 965 3876 Celtic-rus:
990 3821 1117 3875 cherubin
1137 3821 1216 3890 posui
1241 3819 1297 3875 MR

150 3905 288 3974 (defendit
305 3905 377 3975 Enp,
397 3906 534 3961 Cherubin
554 3926 572 3960 a
594 3909 769 3963 Tertulliano
788 3927 842 3978 pro
865 3910 1003 3978 ainpalcrr'
1021 3915 1158 3977 acceptum
1178 3910 1296 3978 putans)

148 3994 331 4062 digneornm,
346 3993 422 4047 fuisti
436 3997 520 4065 sculpo
577 3998 607 4049 ll
625 3998 723 4050 cherub
734 3999 878 4067 impositus
890 3999 1032 4052 Oeblerua:
1048 3998 1176 4051 cherubin
1191 3999 1295 4067 positus

148 4081 208 4135 MR
225 4084 272 4149 (cf.
291 4099 379 4151 seqare
398 4084 437 4138 ad
455 4085 472 4137 l.
489 4088 518 4153 2)
575 4087 607 4138 la
622 4090 738 4140 satanan
755 4087 831 4154 .l!R¹,
851 4093 973 4142 satanam
989 4086 1029 4141 It³
1042 4088 1124 4156 ueclqo
1176 4086 1295 4140 22elec·

146 4178 205 4225 tum
228 4172 276 4243 (=
295 4172 427 4240 elicitum)
444 4175 514 4235 MR,
535 4176 649 4228 eiectum
671 4177 836 4230 Ciuecom'ue
908 4182 936 4231 et
957 4178 1034 4246 <ipse
1054 4179 1163 4244 autern>
1181 4175 1296 4244 deliquit

146 4261 211 4328 fort.
268 4260 536 4329 deliquitexillerll,
553 4264 640 4317 exillo
657 4265 810 4333 deliquitR
864 4267 1134 4321 ‘25soilieetecnsum
1153 4263 1295 4319 Oeblerua:

147 4348 253 4403 seilicet
267 4353 296 4403 et
311 4365 436 4404 censuum
452 4351 509 4408 MR
562 4355 597 4406 27
613 4358 640 4406 et
654 4353 872 4423 praedamnando
888 4355 952 4418 MR,
968 4373 1020 4408 non
1036 4354 1253 4424 praedamnando
1268 4355 1298 4408 F
