3250 4959
291 387 292 392 ¹
315 369 380 431 470
551 363 669 429 Quinti
689 364 831 434 Septimi
849 364 1020 417 Florentio
1038 363 1242 417 Tertulliani

315 562 483 626 manifeste
508 565 698 640 coercuerat,
722 565 754 625 et
776 563 960 626 memoriam
983 562 1116 626 iniuriae
1138 562 1310 644 prohibens
1334 563 1368 626 et
1390 562 1469 625 ulti-

316 687 407 733 onem
428 668 467 732 ad
488 668 582 733 deum
600 669 756 752 redigens.
774 669 821 733 ita
839 669 867 733 si
886 669 963 751 quid
977 668 1124 734 Christus
1139 669 1258 746 intulit,
1277 689 1341 734 non
1356 669 1470 733 aduer-

315 773 397 839 sario
417 774 473 838 sed
491 772 635 839 adiutore
649 778 827 857 praecepto,
846 794 907 839 non
922 775 1079 840 destruxit
1097 776 1281 858 disciplinas
1303 777 1470 840 creatoris.

316 879 450 964 denique
475 881 502 945 si
526 882 557 946 in
581 881 684 964 ipsam
706 882 859 945 rationem
879 881 1050 965 patientiae
1069 882 1320 964 praecipiendae,
1346 887 1380 946 et
1398 883 1470 963 qui-

315 989 387 1052 dem
410 991 477 1051 tam
499 987 611 1069 plenae
636 990 729 1069 atque
752 988 921 1070 perfectae,
945 987 1192 1066 consideremus,
1217 1007 1278 1052 non
1298 989 1468 1064 consistet,
1501 1009 1516 1048 a

316 1095 345 1159 si
372 1114 433 1159 non
463 1097 512 1158 est
541 1093 702 1173 creatoris,
730 1095 783 1177 qui
812 1094 986 1158 uindictam
1014 1095 1217 1176 repromittit,
1246 1095 1301 1177 qui
1323 1095 1468 1159 iudicem

315 1205 467 1285 praestat.
493 1202 632 1284 alioquin
657 1201 684 1265 si
707 1204 833 1265 tantum
855 1202 1026 1284 patientiae
1048 1201 1173 1284 pondus
1198 1220 1258 1266 non
1282 1202 1380 1266 modo
1404 1221 1468 1265 non

314 1307 547 1391 repercutiendi
580 1307 636 1371 sed
667 1310 699 1372 et
722 1307 816 1371 aliam
840 1308 1001 1372 maxillam
1022 1307 1204 1390 praebendi,
1227 1311 1260 1372 et
1281 1327 1344 1371 non
1370 1309 1467 1370 modo

316 1434 376 1480 non
405 1414 649 1479 remaledicendi
677 1414 733 1478 sed
762 1415 858 1478 etiam
885 1414 1102 1492 benedicendi,
1131 1418 1164 1478 et
1186 1433 1247 1478 non
1275 1413 1372 1479 modo
1404 1433 1467 1478 non

315 1520 471 1588 retinendi
499 1521 640 1584 tunicam
673 1520 729 1585 sed
758 1523 790 1585 et
818 1521 955 1604 amplius
979 1525 1012 1585 et
1038 1520 1173 1604 pallium
1204 1521 1411 1596 concedendi,
1440 1522 1468 1585 is
1488 1542 1516 1580 ιο

316 1629 395 1692 mihi
418 1629 564 1710 imponit,
594 1627 647 1710 qui
672 1647 732 1692 non
757 1627 800 1692 sit
822 1647 874 1691 me
898 1628 1097 1704 defensurus,
1124 1627 1157 1690 in
1180 1647 1321 1692 uacuum
1343 1629 1468 1710 patien-

315 1735 393 1799 tiam
417 1735 580 1818 praecipit,
605 1755 666 1800 non
686 1735 835 1800 exhibens
854 1734 934 1798 mihi
952 1734 1129 1799 mercedem
1148 1736 1320 1818 praecepti,
1343 1735 1471 1818 patien-

315 1841 378 1905 tiae
412 1841 482 1905 dico
515 1841 664 1919 fructum,
703 1841 788 1923 quod
821 1844 870 1905 est
901 1841 993 1917 ultio,
1031 1859 1126 1923 quam
1163 1840 1242 1905 mihi
1277 1841 1469 1924 permisisse

316 1947 478 2025 debuerat,
507 1947 535 2011 si
561 1948 630 2031 ipse
653 1967 713 2012 non
739 1951 890 2031 praestat,
918 1950 983 2025 aut,
1009 1949 1037 2012 si
1059 1947 1140 2011 milri
1163 1967 1224 2012 non
1247 1949 1468 2030 permittebat..

314 2054 383 2137 ipse
405 2057 576 2136 praestare,
600 2054 748 2137 quoniam
773 2056 805 2116 et
828 2052 1013 2135 disciplinae
1035 2053 1169 2118 interest
1189 2053 1338 2117 iniuriam
1360 2053 1470 2117 uindi·
1487 2072 1513 2113 n

316 2161 390 2225 cari.
423 2163 511 2224 metu
545 2161 629 2224 enim
657 2161 788 2224 ultionis
812 2160 915 2224 omnis
938 2159 1091 2240 iniquitas
1114 2159 1298 2235 refrenatur,
1323 2165 1469 2224 ceterum

315 2268 436 2352 passim
460 2267 577 2330 emissa
599 2267 746 2331 libertate
770 2266 996 2345 dominabitur,
1023 2271 1197 2348 utrumque
1220 2265 1350 2332 oculum
1374 2268 1470 2331 effos-

317 2393 391 2439 sura
415 2377 447 2438 et
466 2392 588 2438 omnem
616 2373 741 2438 dentem
765 2374 939 2438 excitatura
961 2393 1036 2457 prae
1058 2373 1259 2457 impunitatis
1281 2374 1468 2438 securitate.

318 2481 373 2546 sed
401 2481 461 2545 hoc
489 2483 539 2544 est
567 2479 616 2544 dei
646 2481 758 2564 optimi
787 2484 820 2544 et
846 2484 970 2544 tantum
998 2481 1082 2561 boni,
1114 2480 1287 2563 patientiae
1314 2479 1468 2544 iniuriam

315 2589 429 2664 faeere,
448 2587 619 2652 uiolentiae
637 2588 763 2652 ianuam
782 2588 928 2668 pandere,
946 2587 1062 2671 probos
1075 2607 1137 2652 non
1151 2587 1330 2665 defendere,
1349 2589 1467 2669 impro·
1484 2603 1511 2642 oo

316 2694 374 2759 bos
389 2714 450 2759 non
466 2699 619 2758 coercere.
690 2691 802 2758 Omni
821 2695 983 2775 potenti
997 2697 1035 2757 te
1051 2693 1156 2772 dato,
1172 2694 1284 2777 utique
1298 2693 1467 2778 indigenti,

316 2802 369 2866 uel
392 2805 480 2866 tanto
505 2801 607 2884 magis
631 2800 797 2884 indigenti,
819 2802 846 2864 si
866 2801 961 2864 etiam
982 2803 1014 2865 et
1033 2800 1214 2866 abundanti.
1237 2821 1276 2866 na
1295 2802 1370 2884 quis
1390 2821 1467 2886 ergo

317 2907 458 2992 indigeat
484 2907 636 2986 datorem,
659 2908 849 2990 imperatam
877 2907 975 2971 habes
1003 2907 1035 2970 in
1059 2907 1306 2973 Deuteronomio
1328 2909 1467 2974 formam

317 3015 485 3080 creatoris:
519 3035 593 3081 non
623 3015 712 3092 erit,
746 3015 861 3096 inquit,
894 3015 931 3077 in
959 3017 998 3079 te
1026 3014 1229 3099 indigens,
1262 3017 1322 3080 uti
1352 3015 1468 3080 benc-

317 3121 457 3186 dicens
495 3121 713 3186 benedicat
745 3122 782 3184 te
820 3120 1005 3184 dominus
1043 3120 1141 3185 deus
1173 3125 1280 3199 tuus,
1319 3121 1509 3186 decoremus

317 3229 451 3307 scilicet,
484 3228 539 3312 qni
570 3228 680 3292 fecerit
710 3247 770 3291 non
803 3247 874 3291 esse
906 3227 1112 3311 indigentem.
1145 3231 1178 3292 et
1204 3229 1277 3311 plus
1305 3229 1370 3292 hic.
1403 3247 1465 3292 non

317 3337 400 3400 enim
424 3336 545 3420 petenti
567 3335 656 3399 iubet
679 3334 756 3412 dari,
780 3334 837 3398 sed
864 3353 938 3399 non
968 3335 1033 3414 sit,
1061 3335 1175 3416 inquit,
1203 3333 1396 3418 indigens
1427 3336 1466 3398 in

317 3445 366 3521 te,
394 3443 428 3506 id
451 3446 502 3506 est
525 3447 611 3506 ‘cura
639 3441 734 3518 ultro,
762 3461 801 3505 ne
825 3442 887 3506 sit‘.
911 3461 973 3523 quo
997 3442 1099 3525 magis
1123 3441 1245 3525 petenti
1268 3441 1467 3526 praeiudicat

318 3547 467 3628 dandum,
492 3548 587 3612 etiam
607 3548 639 3612 in
660 3549 883 3628 sequentibus:
908 3548 942 3612 si
962 3552 1096 3613 autem
1118 3548 1248 3613 fuerit
1269 3547 1465 3631 indigens

407 3705 435 3774 8]
455 3705 488 3758 ci.
508 3703 572 3758 Luc.
592 3703 617 3772 6,
637 3704 679 3758 29.
735 3705 762 3773 9]
784 3703 817 3758 cf.
832 3703 895 3757 Luc.
911 3704 936 3768 6,
950 3705 994 3758 27.
1044 3705 1089 3773 21]
1104 3705 1169 3759 Luc.
1185 3707 1211 3768 6,
1225 3705 1269 3759 30.
1320 3705 1465 3774 tllDeut.

318 3796 360 3860 15,
379 3796 404 3848 4.
459 3795 505 3864 29]
526 3794 607 3848 Dent.
628 3795 670 3861 15,
690 3793 768 3846 7-8.

354 3899 645 3963 5consideremusrll,
665 3898 874 3953 consideremR
911 3900 945 3954 10
960 3904 988 3953 et
1007 3900 1111 3968 (priua)
1125 3900 1177 3954 del.
1194 3899 1246 3953 θεῖ
1283 3901 1317 3952 12
1330 3901 1467 3970 praecipit

317 3991 395 4060 Eup:
404 3991 542 4059 praecepit
551 3989 613 4043 MR
651 3987 683 4041 13
693 3988 854 4057 mihi<aut>
860 3990 932 4057 fort.
970 3992 1003 4043 15
1014 3989 1231 4060 praestareRip:
1244 3993 1396 4059 praestaret
1403 3990 1466 4046 MR

320 4080 351 4133 17
368 4079 484 4132 effosura
499 4078 533 4129 M
571 4079 604 4130 18
619 4093 762 4130 excussura
781 4078 840 4130 Lat
875 4081 909 4131 22
929 4080 1012 4132 etiam
1031 4083 1059 4132 et
1077 4080 1113 4147 (f.
1128 4078 1161 4132 dc
1178 4078 1246 4132 idol.
1265 4081 1319 4133 20:
1338 4081 1422 4132 etiam
1437 4081 1465 4132 in

318 4167 409 4221 uerbis
420 4183 526 4236 quoque
563 4166 597 4219 23
609 4166 731 4234 indigeat
742 4166 862 4220 datorem
874 4166 957 4232 Mle,
967 4167 1098 4236 indigeat.
1109 4166 1250 4234 datoriR³,
1259 4167 1392 4237 indigeat.
1401 4170 1467 4236 (in)

319 4255 523 4309 ‹latoreanunr
578 4261 698 4326 paratam
709 4255 748 4309 11ι
801 4256 886 4309 habes
896 4256 944 4324 12³,
958 4256 1061 4310 habens
1076 4255 1149 4311 Mle
1185 4256 1219 4310 27
1235 4256 1465 4326 dariaeduulpo
