3250 4959
371 418 374 423 '
416 414 452 470 IL
471 416 517 471 De
537 414 656 471 Carnis
674 416 935 471 Resurrectionc
954 416 1033 471 7-o.
1258 420 1300 485 37

149 612 363 689 emaculetur:
385 629 455 677 caro
471 610 636 695 unguitur,
652 613 689 675 ut
703 610 809 675 anima
827 614 1042 688 consecretur;
1059 630 1130 677 caro
1147 612 1303 697 signetur,

149 724 190 784 nt
213 720 246 783 et
268 718 375 783 anima
397 717 575 795 muniatur,
609 734 680 782 caro
709 736 823 782 manns
854 717 1061 802 impositione
1084 718 1301 797 adumbratur,

149 830 190 889 nt
220 827 254 891 et
284 825 390 889 anima
421 823 535 908 spiritu
568 824 789 900 inluminetn1;
826 842 898 889 caro
927 842 1057 908 corpore
1090 827 1123 889 et
1149 824 1303 909 sauguine

150 932 273 999 Christi
294 930 448 1010 nescitur,
471 932 509 995 ut
532 933 565 995 et
592 930 697 995 anima
724 930 762 995 de
790 929 850 996 deo
879 930 1051 1015 saginetur.
1079 950 1140 996 non
1167 935 1304 1015 possunt

116 1056 228 1124 sergo
252 1038 391 1119 separari
413 1036 445 1101 in
469 1036 613 1103 mercede
636 1056 716 1119 quas
742 1055 838 1120 opera
861 1038 1037 1121 coniungit.
1060 1056 1133 1102 nam
1152 1041 1186 1101 et
1208 1038 1303 1103 sacri·

150 1146 225 1211 ficis
252 1146 310 1210 deo
339 1147 439 1230 grata,
467 1144 718 1210 conflictationes
748 1144 820 1209 dico
848 1144 981 1223 animae,
1009 1144 1129 1210 ieiunia
1156 1148 1302 1210 etseras

150 1257 185 1318 et
217 1252 320 1317 aridae
354 1270 443 1317 escas
472 1254 504 1316 et
531 1250 721 1333 adpendices
749 1250 846 1315 huius
875 1250 973 1316 officii
1005 1250 1125 1330 sordes,
1160 1269 1230 1315 caro
1264 1251 1303 1315 de

150 1359 279 1443 proprio
299 1377 357 1423 suo
377 1356 577 1423 incommodo
595 1357 760 1422 instauret.
780 1356 948 1441 uirginitas
967 1374 1092 1441 quoqne
1113 1360 1145 1422 et
1159 1357 1302 1423 siduitas

151 1470 186 1531 et
208 1466 355 1531 modesta
377 1464 409 1530 in
434 1465 560 1529 occulto
584 1462 780 1529 matrimonii
805 1463 1020 1529 dissimulatio
1044 1468 1163 1529 etune
1188 1464 1303 1529 notitia

106 1596 133 1637 ro
152 1572 223 1637 eins
257 1571 294 1637 de
325 1570 418 1635 bonis
451 1568 553 1634 carnis
582 1568 640 1634 deo
678 1568 855 1634 adolentur.
893 1588 952 1653 age
981 1569 1055 1648 iam,
1086 1569 1164 1652 quid
1195 1570 1234 1635 de
1266 1590 1303 1636 ea

150 1677 265 1755 sentis,
297 1696 371 1742 cum
403 1694 459 1758 pro
491 1676 627 1742 nominis
663 1674 725 1741 lide
757 1676 789 1739 in
822 1674 964 1739 medinm
995 1678 1133 1741 extracta
1165 1682 1199 1741 et
1231 1676 1303 1743 odio

150 1784 282 1869 publico
306 1783 448 1868 exposite
471 1782 622 1860 decertat,
650 1800 723 1847 cum
745 1782 778 1846 in
802 1781 982 1848 carceribus
1009 1788 1188 1849 maceratur
1208 1786 1303 1848 teter-

151 1890 233 1955 rimo
260 1889 343 1954 lucis
371 1888 464 1953 exilio
491 1888 625 1970 penuria
651 1886 762 1952 mundi
785 1888 932 1970 squalore
955 1887 1089 1970 paedore
1109 1889 1304 1955 contumelia

151 1997 272 2074 uictus,
295 2014 334 2061 ne
358 2013 469 2061 somno
494 1992 622 2077 quidem
640 1993 752 2070 libera,
777 1993 894 2077 quippe
917 1994 998 2075 ipsis
1021 1994 1119 2059 etism
1142 1995 1303 2061 cubilibus

106 2126 134 2168 ss
151 2103 262 2169 uincta
280 2102 423 2186 ipsisque
443 2101 626 2166 aucmentis
645 2100 814 2179 lancinata,
838 2119 912 2165 curn
930 2100 993 2165 ism
1017 2104 1051 2166 et
1071 2100 1104 2166 in
1127 2101 1200 2166 luce
1218 2102 1304 2166 omni

150 2214 383 2276 tormentorum
415 2207 650 2273 machinatione
681 2208 830 2285 laniatur,
863 2226 936 2272 cum
970 2206 1104 2290 denique
1135 2207 1303 2291 suppliciis

152 2320 311 2401 erogatur,
339 2316 427 2381 enisa
453 2314 583 2379 reddere
612 2312 738 2379 Christo
767 2313 871 2378 uicem
899 2312 1062 2378 moriendo
1089 2331 1145 2398 pro
1169 2314 1249 2397 ipso,
1271 2314 1305 2378 et

151 2422 282 2507 quidem
305 2441 362 2507 per
385 2421 516 2487 eandem
541 2439 667 2485 erucem
691 2438 796 2502 saepe,
824 2420 942 2484 nedum
965 2438 1022 2503 per
1044 2420 1200 2484 atrociora
1228 2439 1305 2503 quo·

151 2548 214 2613 que
242 2530 370 2614 ingenis
396 2530 589 2611 poenarum?
617 2546 655 2591 ne
686 2526 744 2591 illa
775 2526 961 2593 beatissima
994 2529 1027 2592 et
1058 2526 1301 2611 gloriosissima,

104 2660 133 2703 ro
152 2655 234 2721 qnae
267 2638 375 2720 potest
408 2633 494 2719 apud
529 2633 691 2700 Christum
725 2632 889 2699 dominum
920 2651 1028 2716 parere
1061 2632 1168 2699 debito
1204 2637 1303 2711 tanto,

151 2748 190 2810 ut
212 2744 275 2810 hoc
302 2744 406 2809 solum
436 2741 550 2807 debeat
577 2741 616 2819 ei,
647 2740 732 2823 quod
755 2740 784 2805 ei
808 2740 922 2805 debere
948 2738 1088 2818 desierit,
1115 2739 1176 2805 hoc
1199 2740 1303 2824 magis

151 2852 263 2918 uincta
285 2868 348 2933 quo
371 2850 533 2915 absolute!
1224 2839 1231 2849 ’

198 2962 229 3025 9.
262 2958 366 3042 Igitur
397 2962 433 3022 nt
463 2958 613 3033 retexam,
646 2972 742 3037 quam
776 2953 855 3019 deus
886 2953 1036 3019 manibus
1063 2953 1132 3019 suis
1160 2951 1200 3018 ad
1226 2952 1304 3017 ima«

152 3068 260 3151 ginem
284 3064 335 3129 dei
354 3062 478 3139 struxit,
502 3081 597 3145 quem
622 3060 659 3125 de
683 3080 742 3125 suo
761 3059 881 3125 adflatu
900 3060 941 3124 ad
959 3060 1203 3126 similitudinem
1226 3076 1303 3123 suae

104 3192 132 3235 11
152 3171 339 3237 uiuacitatis
368 3169 531 3245 animauit,
560 3188 656 3251 quam
678 3167 834 3233 incolatui
855 3168 975 3232 fructui
1004 3166 1180 3232 dominatui
1203 3165 1304 3230 totius

152 3296 230 3343 suae
263 3277 455 3361 operationis
488 3274 682 3360 praeposuit,
721 3293 818 3357 quem
855 3274 1061 3339 sacramentis
1098 3272 1166 3337 suis
1210 3270 1304 3336 disci-

150 3384 314 3467 plinisque
337 3382 483 3457 uestiuit,
513 3383 604 3447 cuius
629 3380 801 3445 munditias
832 3383 928 3459 amat,
957 3381 1050 3445 cuius
1078 3378 1305 3462 castigationes

149 3488 275 3573 probat,
298 3489 390 3555 cuius
420 3488 583 3571 passiones
613 3488 675 3553 sibi
703 3486 871 3571 adpretiat,
900 3487 1030 3552 haecine
1057 3506 1118 3551 non
1146 3486 1302 3566 resurget,

151 3598 270 3662 totiens
298 3595 372 3661 dei?
400 3596 494 3674 absit,
527 3594 621 3673 absit,
650 3599 688 3660 ut
716 3594 794 3661 deus
823 3613 974 3659 manuum
1005 3610 1133 3658 suarum
1164 3608 1301 3673 operam,

105 3726 133 3766 so
151 3702 272 3789 ingenii
308 3702 359 3767 sui
396 3720 515 3780 curam,
554 3701 690 3767 adflatus
728 3700 779 3766 sui
816 3701 977 3785 anginam,
1013 3697 1188 3765 molitionis
1227 3714 1303 3760 suae

188 3878 206 3933 8
223 3878 361 3931 instaurat
381 3876 446 3931 eor.-
464 3879 632 3931 iustsuratur
650 3874 742 3929 PMF
776 3876 792 3929 9
810 3874 936 3929 modesta
953 3874 1002 3943 13⁸,
1020 3872 1157 3927 modestis
1173 3866 1303 3924 ΡΜΙΡΒι

154 3966 188 4021 10
202 3966 347 4021 adolentur
363 3966 427 4022 Get:
441 3966 586 4020 adulentur
595 3967 674 4037 Bmp,
686 3965 831 4019 adolentur
840 3964 936 4032 PMF,
950 3962 1176 4031 adulanturqu
1190 3959 1306 4029 (prohat

152 4056 228 4129 Jeep)
284 4056 318 4110 15
334 4056 473 4110 lancinata
491 4054 526 4117 R,
546 4054 665 4109 lacinats
679 4053 770 4108 PMF
828 4056 859 4108 11
880 4054 1019 4108 moriendo
1038 4052 1111 4121 (syll.
1130 4050 1165 4103 do
1183 4050 1216 4103 111
1232 4054 1302 4113 rso.)

152 4146 196 4213 M,
215 4145 349 4199 moriente
371 4144 399 4197 P
415 4143 495 4215 (corr.
518 4160 553 4199 m.
577 4146 604 4210 1)
659 4146 692 4197 22
717 4160 770 4213 quo
793 4142 901 4211 FBmp,
924 4142 997 4211 qnod
1019 4140 1083 4194 PM
1103 4138 1198 4208 (redd
1222 4139 1305 4201 eras.)

153 4238 188 4291 25
207 4232 363 4288 dominatui
381 4230 478 4287 111]
525 4234 559 4287 26
575 4233 750 4287 sacrementis
767 4232 835 4300 PM,
851 4232 885 4285 de
899 4231 1075 4284 sacramentis
1090 4228 1121 4281 F
1167 4227 1201 4280 28
1215 4240 1304 4279 resur·

153 4326 232 4393 geret
248 4322 280 4377 F
331 4321 366 4375 29
387 4321 459 4375 absit
478 4322 552 4376 absit
570 4320 667 4389 PMF,
686 4322 759 4375 absit
776 4322 804 4377 R
