3250 4959
403 383 439 438 IL
458 383 505 438 De
525 385 643 440 Carnis
662 384 924 440 Resurrectione
943 387 1058 442 28-30.
1261 394 1302 458 67

153 595 271 659 super
300 598 386 644 ossa
413 579 519 643 nerui
553 584 589 644 et
620 599 703 646 caro
734 581 908 646 ascendit
936 586 972 646 et
1006 583 1304 666 circumpositae

153 690 245 748 suut
268 685 323 750 eis
348 703 477 748 carnes
509 688 546 750 et
574 686 734 767 spiritus
762 686 799 750 in
824 689 877 751 eis
908 707 978 752 non
1002 694 1091 755 erat,
1121 695 1159 755 et
1182 692 1236 757 ait
1259 694 1303 759 ad

152 811 226 856 me:
257 791 442 874 propheta
470 792 514 856 ad
542 792 731 874 spiritum,
761 793 823 857 fili
852 795 1024 873 bominis,
1054 799 1238 881 propheta
1267 804 1304 865 et

153 898 260 962 dices
286 896 328 962 ad
358 897 663 981 spi1·itum:haec
687 899 783 964 dicit
802 899 976 966 dominus
1000 902 1158 969 Adonai:
1183 924 1303 988 aqua-

119 1009 242 1069 atuor
262 1004 388 1068 uentis
408 1005 502 1084 ueni,
518 1005 691 1087 spiritus,
707 1010 744 1070 et
763 1007 865 1089 spira
882 1008 918 1072 in
938 1007 1028 1073 istis
1047 1009 1303 1094 interemptis,

153 1116 191 1176 et
215 1112 358 1175 uiuant.
385 1115 422 1176 et
449 1113 674 1195 prophetaui
698 1112 741 1176 ad
765 1113 956 1194 spiritum,
982 1115 1084 1180 sicut
1106 1120 1304 1202 praecepit

152 1217 257 1288 mihi,
278 1218 539 1282 etintroiitin
560 1219 783 1300 suspiritus
807 1224 844 1284 et
867 1221 1044 1285 aixerunt
1065 1224 1103 1286 et
1121 1225 1301 1289 constite-

151 1331 242 1388 runt
265 1343 379 1406 super
401 1324 513 1405 pedes
533 1344 622 1390 suos
642 1325 814 1390 ualentia
831 1346 965 1410 magna
988 1328 1096 1392 satis.
1121 1332 1157 1392 et
1180 1331 1235 1395 ait
1257 1333 1302 1396 ad

151 1451 221 1496 me:
247 1431 309 1495 iili
337 1433 509 1507 hominis,
534 1451 621 1497 ossa
643 1433 720 1497 ista
744 1433 863 1498 omnis
893 1434 1202 1508 domuslerahel
1232 1444 1303 1503 est.

103 1557 131 1595 ιο
152 1539 231 1620 ipsi
261 1539 406 1604 dieunt:
446 1545 671 1605 exaruerunt
704 1559 790 1604 ossa
822 1545 953 1606 nostra
994 1545 1031 1605 et
1062 1543 1178 1624 periit
1215 1563 1301 1626 spes

152 1650 294 1720 nostra,
329 1646 455 1710 auulsi
489 1665 617 1711 sumus
651 1647 687 1710 in
721 1647 782 1712 eis.
814 1651 1014 1730 propterea
1046 1650 1230 1731 propheta
1259 1651 1302 1715 ad

153 1771 233 1816 eos:
268 1771 353 1817 ecce
392 1772 459 1836 ego
497 1754 686 1834 patefacio
716 1756 894 1837 sepulcra
922 1758 1052 1819 uestra
1079 1760 1116 1820 et
1143 1757 1300 1821 eueham

151 1879 222 1924 uos
256 1859 298 1924 de
331 1860 521 1941 sepulcris
555 1861 707 1935 uestris,
731 1861 896 1942 populus
921 1881 1035 1938 meus,
1065 1866 1104 1926 et
1127 1863 1300 1928 inducam

151 1984 220 2030 uos
246 1967 281 2029 in
307 1971 443 2030 terram
461 1966 608 2030 Israhel
634 1971 669 2032 et
693 1968 949 2050 cognoscetis,
974 1969 1073 2050 qnod
1097 1988 1164 2052 ego
1189 1969 1301 2034 domi·

102 2091 129 2134 ae
152 2093 222 2136 nus
256 2075 465 2155 aperuerim
504 2073 679 2156 sepulcra
707 2079 839 2138 uestra
867 2079 904 2138 et
941 2075 1132 2140 eduxerim
1160 2095 1226 2140 uos
1257 2076 1300 2141 da

152 2180 347 2260 sepulcris
369 2180 521 2259 uestris,
545 2181 709 2263 populus
735 2199 848 2254 meus,
874 2184 909 2245 et
934 2180 1027 2244 dabo
1052 2181 1163 2246 uobis
1192 2182 1302 2265 spiri·

151 2296 231 2350 tum
277 2291 315 2350 et
351 2287 496 2351 uinetis
535 2289 571 2350 et
609 2287 865 2368 requiescetis
903 2287 938 2350 in
971 2292 1072 2351 terra
1104 2293 1233 2352 uestra
1265 2293 1302 2353 et

152 2393 408 2475 cognoscetis,
438 2393 534 2474 quod
563 2412 633 2479 ego
663 2393 836 2458 dominus
862 2396 1015 2458 locutus
1044 2395 1114 2458 sim
1143 2397 1179 2459 et
1206 2395 1301 2458 fece-

151 2500 232 2574 riru,
258 2499 354 2563 dicit
378 2499 559 2564 dominus.

103 2625 132 2665 aa
197 2607 251 2671 30.
280 2607 371 2670 Hanc
395 2625 520 2689 quoque
547 2607 815 2690 praedicationem
842 2608 919 2681 scio,
949 2608 1086 2688 qualiter·
1113 2608 1302 2672 concutiant

152 2714 182 2778 in
205 2713 376 2795 allegoriae
396 2713 711 2798 argumentationem,
737 2715 810 2796 quia
830 2713 960 2778 dicendo
982 2733 1067 2778 ossa
1085 2714 1161 2777 ista
1180 2714 1298 2778 omnis

152 2820 283 2884 domus
314 2823 372 2884 est
399 2821 544 2885 Israhel
568 2821 739 2904 imaginem
764 2840 801 2885 eu
824 2821 934 2885 fecerit
957 2820 1109 2885 Israhelis
1133 2825 1165 2883 et
1187 2839 1206 2884 a
1229 2838 1299 2902 pro-

150 2925 220 3007 pria
253 2927 435 2991 condicione
467 2928 679 3004 transtulerit3
714 2931 809 3010 atque
840 2928 887 2992 ita
918 2927 1087 3010 figuratam
1124 2945 1206 3000 esse,
1238 2945 1299 2990 uon

151 3051 262 3097 ueram
285 3033 524 3098 resurrectionis
549 3035 824 3116 praedicationem.
854 3037 975 3098 statum
1003 3034 1086 3098 enim
1110 3032 1298 3097 Iudaeorum

105 3158 133 3198 aa
153 3139 322 3204 deformari
351 3140 583 3222 quodammodo
608 3145 786 3204 emortuum
811 3146 844 3204 et
871 3141 1032 3205 exaridum
1062 3143 1095 3205 et
1121 3139 1300 3221 dispersum

152 3246 182 3309 in
213 3264 323 3328 campo
353 3246 446 3312 orbis.
478 3247 586 3329 itaque
614 3253 646 3312 et
673 3247 845 3331 imaginem
874 3247 1115 3311 resurrectionis
1146 3246 1178 3308 in
1207 3246 1298 3310 illum

152 3351 361 3435 allegorizari,
389 3353 465 3436 qrria
486 3353 629 3437 recolligi
653 3354 769 3418 habeat
792 3359 825 3417 et
847 3353 1043 3436 recompingi
1073 3372 1107 3417 os
1131 3352 1170 3416 ad
1195 3371 1241 3430 os,
1265 3351 1297 3414 id

152 3463 202 3523 est
224 3459 327 3523 tribus
352 3460 391 3523 ad
414 3459 530 3524 tribum
557 3463 589 3524 et
615 3461 753 3543 populus
782 3460 823 3525 ad
849 3458 1016 3542 populum.
1047 3462 1079 3522 et
1105 3459 1298 3541 recorporari

152 3565 300 3628 carnibus
331 3566 519 3631 facultatum
550 3570 581 3630 et
611 3567 716 3631 neruis
745 3567 834 3649 regni
868 3569 963 3648 atque
992 3567 1039 3629 ita
1066 3565 1104 3628 de
1133 3563 1297 3647 sepulcris,

105 3687 133 3729 eo
151 3671 183 3734 id
209 3681 258 3736 est
281 3673 319 3736 de
343 3673 534 3738 habitaculis
560 3673 756 3756 captiuitatis
777 3673 971 3738 tristissimis
997 3675 1090 3755 atque
1114 3670 1296 3746 teterrimis,

240 3813 285 3880 nr]
304 3811 351 3866 uz.
371 3812 414 3880 aa,
435 3813 476 3866 11.

186 3921 203 3972 5
224 3919 313 3972 uenti·
332 3919 401 3972 caeli
419 3919 530 3989 spiritus
551 3919 575 3972 0
628 3919 642 3970 7
664 3917 844 3972 constiterunt
862 3918 922 3983 FO,
946 3920 1084 3970 steterunt
1102 3915 1164 3968 PM
1217 3915 1250 3968 10
1270 3920 1298 3967 et

150 4007 233 4075 periit
256 4024 318 4076 spes
342 4009 435 4061 nostra
458 4023 508 4061 om.
532 4006 559 4059 P
581 4007 658 4076 (add.
683 4007 711 4062 R
731 4007 764 4060 in
785 4023 837 4074 cap.
861 4023 894 4060 ca
913 4005 1121 4073 Hirsaupieaai)
1176 4005 1209 4057 15
1234 4020 1297 4073 ape-

150 4099 249 4151 merim
279 4095 308 4164 0,
337 4097 430 4166 aperui
457 4095 549 4150 PMF
601 4097 633 4149 17
662 4097 833 4164 requiescitis
860 4094 900 4149 13³
956 4095 988 4147 18
1017 4095 1067 4146 sim
1091 4094 1124 4157 P,
1154 4108 1212 4144 auur
1235 4091 1301 4144 ΜΕ

151 4187 185 4239 22
201 4191 243 4239 est
255 4185 357 4240 israhel
370 4185 438 4254 PM,
453 4185 578 4238 israhelis
592 4191 635 4238 est
648 4183 678 4236 F
689 4185 735 4252 (cs.
754 4187 800 4250 68,
817 4187 873 4251 211,
891 4182 976 4236 Israel
993 4186 1036 4235 est
1052 4182 1104 4235 Gel
1158 4182 1192 4234 29
1211 4183 1298 4234 carni·

151 4273 201 4328 bur
216 4274 356 4344 MFBmp,
376 4274 463 4327 carnis
480 4273 509 4327 P
561 4273 721 4326 facultatum
742 4272 820 4341 Bmp,
841 4272 1000 4324 facultatem
1020 4270 1110 4324 PMF
1161 4275 1188 4322 et
1206 4285 1257 4322 ona.
1272 4269 1300 4320 P

1228 4373 1261 4427 51
