3250 4959
406 395 465 449 Vll.
486 394 652 448 Aduersus
671 394 871 450 Marcionem
889 395 937 450 lib.
952 395 1008 450 1111
1029 399 1142 452 16-17.
1274 399 1339 463 473

191 592 315 674 protegi
344 591 446 655 iuuari
474 591 661 677 refrigerari,
699 592 783 656 siout
812 595 844 656 et
866 611 922 674 per
944 592 1086 656 Esaiam:
1119 590 1338 675 infringito

191 717 331 780 panem
364 701 475 762 tuum
509 697 718 777 mendicis,
752 703 790 764 et
823 699 890 781 qui
923 699 1011 762 siue
1038 702 1149 764 teoto
1178 703 1274 764 suut
1300 699 1339 764 in

194 805 349 869 domum
373 809 481 868 tuam
505 805 703 882 inducito,
723 809 762 870 et
781 806 927 870 nudum
947 807 979 869 si
1002 805 1170 885 uideris,
1188 807 1338 890 tegito;

191 912 269 975 item
297 930 352 993 per
375 910 574 976 Ezechielem
603 913 642 976 de
670 911 740 976 uiro
768 913 871 977 iusto:
903 932 1043 995 panem
1077 932 1192 977 suum
1225 912 1340 977 dabit

161 1019 397 1082 aesurienti
425 1021 467 1082 et
493 1019 640 1082 nudum
670 1023 872 1102 conteget
900 1020 978 1084 satis
1003 1019 1166 1102 ergoiam
1189 1023 1266 1083 tunc
1289 1039 1340 1084 me

192 1123 302 1188 docuit
329 1143 365 1188 ea
392 1126 494 1189 facere
519 1125 601 1203 aliis,
633 1144 712 1206 quae
740 1125 820 1189 mibi
843 1125 941 1190 uelim
963 1125 1041 1190 lieri.
1069 1125 1199 1208 proinde
1223 1125 1340 1189 denun-

191 1231 289 1294 tians:
314 1251 386 1296 nou
412 1232 589 1308 occides,
614 1252 687 1296 non
719 1232 990 1307 adulterabis,
1018 1251 1092 1296 non
1120 1232 1338 1307 furaberis,

193 1357 266 1402 non
291 1336 441 1402 falsum
465 1340 750 1405 testimouium
775 1339 897 1416 dices,
922 1339 1041 1415 docuit,
1065 1357 1103 1402 ne
1127 1339 1243 1403 faciam
1267 1339 1339 1403 aliis

191 1463 271 1526 quae
295 1444 363 1508 fieri
386 1446 464 1508 mihi
487 1446 596 1512 nolim.
622 1449 654 1510 et
676 1446 748 1512 ideo
770 1447 874 1528 ipsius
894 1446 954 1510 erit
971 1450 1174 1528 praeceptum
1193 1446 1225 1510 in
1245 1464 1339 1509 euan-

147 1571 174 1609 ro
192 1550 287 1633 gello,
309 1551 363 1632 qui
380 1551 462 1615 illud
481 1556 563 1616 retro
584 1556 616 1616 et
634 1555 826 1636 praestruxit
845 1558 877 1618 et
896 1553 1039 1616 distinxit
1058 1556 1091 1616 et
1109 1551 1149 1616 ad
1172 1552 1339 1616 arbitrium

190 1657 377 1740 discipliuae
396 1677 472 1726 suae
493 1661 651 1742 disposuit
670 1664 701 1725 et
719 1661 832 1726 merito
851 1661 915 1725 iam
934 1661 1120 1741 compendio
1141 1659 1338 1737 substrinxit,

191 1765 337 1846 quoniam
357 1768 390 1830 et
408 1766 486 1829 alius
505 1767 643 1830 recisum
663 1785 841 1830 sermonem
859 1766 1003 1830 facturus
1022 1765 1054 1828 in
1072 1764 1165 1828 terris
1179 1765 1337 1842 dominus,

190 1870 224 1933 id
247 1875 297 1934 est
320 1871 476 1950 Christus,
500 1873 750 1955 praedicabatur.

239 1979 289 2042 17.
313 1979 374 2042 Hic
397 1997 480 2044 nuno
505 1980 543 2044 de
566 1980 683 2055 fenore,
709 2000 780 2044 oum
801 1981 989 2062 interponit:
1014 1986 1053 2045 et
1076 1981 1109 2045 si
1132 1981 1339 2045 feneraue·

144 2104 174 2145 1o
191 2085 289 2149 ritis
308 2105 325 2148 a
345 2086 493 2167 quibus
514 2087 693 2168 speratis
714 2107 786 2150 uos
805 2091 1056 2170 recepturos,
1082 2107 1183 2169 quae
1203 2087 1339 2170 gratia

192 2195 254 2255 est
272 2193 348 2256 uob
359 2193 368 2255 i
378 2196 415 2256 s?
433 2211 579 2274 percurre
599 2194 764 2276 sequentia
783 2194 960 2258 Ezechielis
974 2195 1013 2259 de
1027 2196 1137 2258 eodem
1151 2195 1221 2258 uiro
1236 2195 1337 2258 iusto:

192 2299 411 2380 pecuniam,
444 2299 558 2380 iuquit,
592 2319 702 2364 suam
733 2300 874 2365 fenore
909 2320 983 2365 non
1013 2301 1135 2365 dedet
1168 2305 1207 2364 et
1234 2300 1339 2381 quod

193 2405 468 2471 abondeuerit
499 2425 572 2472 non
602 2410 744 2482 sumet,
777 2407 893 2471 fenoris
931 2408 1055 2472 scilicet
1086 2406 1337 2482 redundantiam,

192 2511 276 2593 quod
296 2517 346 2576 est
363 2531 469 2577 usura.
494 2513 582 2596 prius
600 2514 701 2596 igitur
718 2514 790 2590 fuit,
814 2519 852 2579 ut
870 2515 1009 2578 fructum
1023 2514 1140 2579 fenoris
1156 2512 1339 2588 eradicaret,

145 2639 175 2680 so
193 2635 254 2699 quo
277 2618 403 2682 facilius
424 2619 642 2684 adsuefaceret
660 2621 821 2684 homiuem
839 2621 902 2703 ipsi
921 2640 1046 2703 quoque
1064 2620 1175 2696 fenori,
1200 2619 1228 2683 si
1245 2620 1338 2693 forte,

190 2724 359 2806 perdendo,
383 2727 474 2790 cuius
497 2727 637 2792 fructum
662 2726 830 2794 didicisset
852 2730 1007 2794 amittere.
1027 2728 1107 2791 banc
1127 2726 1243 2790 etenim
1263 2725 1338 2789 dioi-

191 2849 262 2896 mus
296 2851 422 2914 operam
454 2833 536 2916 legis
568 2835 668 2898 fuisse
702 2835 900 2916 procurantis
933 2834 1114 2916 euangelio:
1143 2831 1338 2913 quorundam

191 2942 267 3003 tunc
302 2937 395 3003 fidem
433 2941 587 3020 paulatim
625 2941 663 3004 ad
700 2941 876 3022 perfectum
915 2940 1101 3022 disciplinae
1139 2939 1339 3002 Cirristianae

190 3045 324 3109 nitorem
348 3045 458 3128 primis
483 3047 661 3128 quibusque
686 3047 864 3130 praeceptis
886 3047 1094 3110 balbutientis
1123 3046 1226 3109 adbuc
1252 3045 1339 3109 beni·

146 3169 174 3210 ae
192 3152 321 3234 gnitatis
336 3151 534 3216 informabat.
555 3171 627 3217 uam
648 3157 679 3216 et
694 3173 802 3235 supra:
825 3159 864 3216 et
882 3154 1042 3236 pignus,
1062 3152 1176 3233 iuquit,
1195 3151 1339 3215 reddet

192 3257 367 3335 debenti,
387 3295 430 3324 .—-
449 3260 560 3341 utique
581 3261 607 3323 si
627 3279 687 3324 nou
707 3260 751 3324 sit
770 3259 935 3336 soluendo,
950 3260 1025 3342 quia
1043 3259 1177 3323 solutori
1198 3255 1336 3343 [utique]

192 3366 307 3448 pignus
335 3366 567 3431 restituendum
598 3385 668 3430 esse
697 3370 804 3431 utrum
833 3367 928 3431 bomo
958 3367 1130 3431 scriberet?
1165 3403 1207 3411 —
1236 3366 1338 3430 multo

282 3487 478 3556 ituatur.
533 3490 561 3556 4]
583 3489 626 3541 Ez.
647 3489 689 3555 18,
710 3489 733 3542 7.
789 3489 1118 3558 tluxou.2u,13-1e.
1176 3488 1219 3556 12]
1241 3487 1336 3542 cilis.

194 3575 235 3634 10.
255 3576 297 3631 23.
353 3577 396 3646 14]
415 3575 479 3630 Luc.
499 3578 524 3644 6,
543 3579 585 3631 34.
643 3578 687 3647 17]
708 3578 753 3633 Ez.
774 3579 816 3640 18,
836 3579 861 3632 8.
917 3579 963 3650 252]
982 3578 1030 3634 Ee.
1051 3579 1092 3640 18,
1113 3579 1137 3631 7.

229 3684 241 3735 l
261 3683 404 3752 infringito
420 3684 594 3752 <esurienti>
607 3701 704 3754 panem
722 3664 849 3738 ouum'ec
861 3684 1000 3739 mendicos
1015 3687 1061 3754 qui
1074 3686 1148 3738 Pom
1194 3685 1227 3737 17
1246 3685 1338 3738 fenore

192 3772 261 3841 MR,
276 3773 362 3827 fenori
376 3773 447 3827 Pam
486 3775 518 3828 17
539 3773 621 3828 dedet
639 3775 751 3842 scripsi:
770 3775 847 3828 dedit
859 3775 929 3842 MR,
949 3774 1056 3828 dederit
1073 3775 1137 3843 Enp
1172 3773 1206 3825 22
1222 3790 1339 3842 quamn-

193 3862 253 3916 dem
272 3863 310 3915 M
368 3865 403 3916 25
422 3863 518 3917 reddet
537 3862 646 3916 debenti
664 3863 764 3930 scripsi
782 3862 969 3934 (ἐνεχυρασμὸν
989 3861 1138 3932 ὀφειλοντος
1156 3861 1339 3930 [debitoribus

197 3951 287 4024 Vulp]
310 3949 464 4018 derodebant:
488 3951 584 4006 reddes
608 3953 684 4006 beati
707 3951 788 4019 MR¹,
812 3951 909 4005 reddes
932 3951 980 4018 12³,
1003 3951 1100 4004 reddes
1125 3950 1183 4004 dati
1211 3949 1339 4004 chleruo

192 4043 226 4097 26
246 4041 375 4094 soluendo
389 4041 437 4106 12³,
456 4041 615 4095 soluendum
634 4041 706 4096 MR¹
762 4042 877 4094 solutori
890 4041 927 4094 M
943 4044 983 4107 (so
997 4041 1028 4093 in
1042 4041 1103 4106 zise,
1122 4041 1243 4093 soluturo
1261 4039 1338 4092 Ciue-

193 4133 288 4186 com'us
368 4133 402 4186 26
421 4133 514 4200 utique
533 4132 633 4185 occlusi
718 4132 752 4185 27
772 4137 862 4185 utrum
880 4131 959 4184 bomo
979 4129 1110 4184 scriberet
1127 4129 1189 4183 MR
1208 4134 1253 4193 (=
1271 4145 1339 4180 nem

192 4221 336 4288 quiequam
353 4221 491 4285 scriberet·
511 4225 601 4274 utrum
620 4221 703 4274 ctiam
722 4221 753 4272 in
769 4221 987 4286 iraterropate'onc
1000 4235 1057 4272 noa
1072 4217 1243 4272 dieiuucfiua
1262 4217 1339 4270 fraud

192 4325 258 4362 raro
276 4310 413 4376 occurret).
433 4313 568 4379 utcunque
587 4327 640 4363 non
661 4309 790 4363 scriberet
812 4309 943 4362 Oeblcrus
