3250 4959
317 401 382 466 574
546 396 662 463 Quinti
682 396 824 466 Septimi
841 393 1013 449 Florentia
1031 392 1235 447 Tertulliani

318 593 412 660 deum
445 596 568 661 scilicet
597 613 658 660 non
692 596 788 661 elium
822 590 1037 677 praedicantia
1069 608 1164 671 quam
1196 595 1370 657 creatorem
1407 608 1463 654 neo

319 701 481 766 Christum
513 703 644 767 alterius
673 720 768 784 quam
796 697 955 777 creatoris,
978 696 1101 780 quando
1125 716 1183 763 nec
1206 699 1379 782 promissio
1402 698 1463 779 spi-

319 808 399 872 ritus
423 809 526 874 saneti
555 809 680 873 aliunde
712 807 866 892 probetur
897 804 1036 870 erhihita
1063 823 1157 887 quam
1186 804 1225 870 de
1252 805 1462 869 instrumento

319 917 484 994 Actorum,
517 935 597 998 quae
630 916 741 998 utique
773 912 950 978 uerisimile
983 929 1044 976 non
1078 915 1128 976 est
1154 929 1192 975 er
1218 915 1308 994 parte
1336 909 1463 994 quidem

320 1021 464 1105 apostolo
493 1021 670 1098 conuenire,
695 1039 768 1085 cum
792 1017 934 1083 ordinem
957 1017 1027 1083 eius
1051 1017 1226 1083 secundum
1249 1018 1354 1101 ipsius
1378 1016 1463 1082 testi-
1490 1033 1502 1068 ⁵

321 1127 463 1192 monium
491 1125 672 1200 ostendunt,
703 1145 738 1191 er
761 1127 949 1208 pertenere
975 1122 1138 1200 dissidere,
1167 1143 1239 1189 cum
1264 1123 1463 1188 diuinitatem

321 1235 352 1297 in
386 1232 511 1298 Christo
545 1232 694 1297 creatoris
727 1231 924 1307 adnuntiant,
961 1232 998 1294 ut
1033 1231 1301 1312 praedicationem
1339 1228 1464 1312 quidem

322 1340 538 1421 apostolorum
563 1357 623 1404 non
649 1339 691 1404 sit
715 1341 845 1404 secutus
869 1337 999 1415 Paulus,
1024 1337 1078 1420 qui
1096 1338 1230 1402 formam
1249 1336 1288 1401 ah
1307 1336 1355 1401 eis
1376 1334 1466 1400 dedo

322 1445 437 1511 cendae
461 1445 543 1530 legis
568 1446 699 1528 accepit.

367 1555 397 1618 3.
419 1552 564 1635 Denique
588 1552 628 1617 ad
650 1551 860 1636 patrocinium
885 1551 972 1616 Petri
990 1554 1230 1633 ceterorumque
1249 1549 1466 1632 apostolomm
1481 1565 1506 1604 n

324 1659 507 1724 ascendisse
530 1659 752 1742 Hierosolyma
774 1663 851 1741 post
876 1677 975 1724 annos
1007 1657 1245 1741 quatuordecim
1277 1655 1403 1732 scribit,
1434 1659 1469 1718 ut

324 1767 479 1832 conferret
502 1784 574 1830 cum
597 1765 662 1830 illis
682 1765 719 1830 de
743 1766 900 1850 euangelii
924 1765 975 1830 sui
997 1765 1117 1850 regula.
1141 1783 1180 1829 ne
1202 1764 1234 1827 in
1257 1781 1399 1827 uacuum
1421 1765 1468 1826 tot

325 1873 412 1937 annis
440 1873 633 1937 cucurrisset
662 1877 716 1936 aut
744 1876 892 1952 curreret,
926 1873 953 1936 si
983 1871 1059 1954 quid
1086 1872 1211 1937 scilieet
1233 1871 1313 1936 eitra
1336 1870 1467 1935 formam

323 1979 451 2044 illorum
483 1980 726 2063 euangelizaret.
768 1979 846 2044 adeo
880 1978 918 2043 eh
951 1979 1017 2044 illis
1051 1978 1175 2061 probari
1207 1982 1240 2044 st
1271 1975 1468 2042 constabiliri

324 2083 528 2162 desiderarat,
561 2104 651 2169 quos,
684 2085 712 2150 si
744 2084 881 2168 quaudo,
914 2085 1016 2150 uultis
1038 2083 1192 2150 Iudaismi
1218 2083 1324 2168 magis
1351 2081 1467 2148 adfines
1484 2093 1506 2134 ¹⁵

326 2190 539 2275 subintellegi.
560 2210 632 2256 oum
648 2210 723 2256 uero
738 2210 795 2256 neo
810 2191 918 2255 Titum
934 2190 1013 2255 dicit
1026 2190 1259 2267 circumcisum,
1278 2191 1343 2254 iam
1356 2188 1469 2270 incipit

327 2296 491 2362 ostendere
506 2299 607 2363 solem
622 2297 873 2362 circumcisionis
888 2299 1104 2380 quaestionem
1121 2317 1157 2362 ex
1172 2297 1355 2363 defensione
1368 2295 1469 2360 adhuc

327 2403 409 2487 legis
435 2421 619 2468 concussam
645 2404 684 2467 ab
708 2403 765 2480 eis,
794 2423 873 2487 quos
901 2408 1067 2487 propterea
1088 2405 1187 2470 falsos
1211 2407 1245 2469 et
1265 2401 1470 2487 superinduc-

328 2509 421 2573 ticios
445 2508 558 2575 iratres
582 2510 729 2593 appellet,
753 2529 814 2576 non
839 2510 925 2575 aliud
948 2514 1089 2576 statuere
1105 2514 1271 2595 pergentes
1290 2527 1388 2593 quam
1405 2527 1471 2592 per·

329 2616 538 2681 reuerentiam
562 2617 654 2701 legis,
684 2635 719 2681 er
742 2616 804 2681 fide
828 2617 896 2682 sinc
920 2616 1017 2682 dubio
1040 2617 1164 2702 integra
1186 2617 1347 2696 creatoris,
1375 2623 1469 2700 atque
1485 2629 1509 2670 2⁰

328 2723 374 2786 ita
392 2726 607 2806 peruertentes
627 2723 839 2809 euangelium,
862 2743 924 2789 non
942 2723 1184 2807 interpolatione
1202 2724 1389 2807 scriptume,
1412 2739 1472 2806 qna

330 2829 492 2894 Christum
507 2831 656 2894 creatoris
672 2829 868 2914 effingerent,
883 2829 940 2895 sed
953 2830 1129 2896 retentione
1142 2831 1260 2896 ueteris
1275 2829 1471 2914 disciplinae,

330 2953 369 2998 ne
391 2934 494 3019 legem
519 2935 668 3000 creatoris
693 2935 904 3000 excluderent.
929 2955 1003 3021 ergo
1027 2939 1181 3021 propter
1202 2937 1331 3013 falsos,
1359 2933 1473 3019 inquit,

331 3041 686 3125 superinducticios
706 3041 853 3122 fratres,
873 3043 934 3125 qui
954 3042 1266 3110 subintrauerant
1284 3043 1328 3108 ad
1347 3059 1474 3125 specu·

330 3148 478 3213 landam
498 3148 715 3213 libertatem
735 3153 911 3228 nostram,
931 3167 1039 3232 quam
1057 3150 1236 3216 hahemus
1255 3151 1291 3215 in
1311 3149 1473 3226 Christo,
1490 3161 1514 3203 2⁵

421 3357 447 3426 2]
468 3355 580 3412 ridet.
601 3359 625 3418 1,
645 3358 669 3410 5.
715 3358 757 3427 10]
779 3357 812 3415 cs.
833 3357 936 3426 Gal.2,
957 3358 1034 3412 1-2.
1077 3358 1120 3430 16]
1139 3359 1172 3414 cf,
1191 3357 1250 3414 Gal.
1270 3358 1296 3423 2,
1314 3359 1340 3414 3.
1384 3360 1429 3426 18]
1443 3358 1475 3413 ei.

332 3445 391 3500 Gal.
411 3447 436 3508 2,
455 3447 480 3499 4.
535 3446 580 3516 23]
601 3445 659 3500 Gal.
679 3447 705 3502 2.
724 3449 803 3502 4-5.

370 3571 382 3622 1
398 3585 447 3624 nec
462 3569 496 3634 R,
509 3587 543 3624 ne
557 3571 594 3624 M
645 3571 661 3624 2
682 3570 788 3640 quando
808 3588 858 3625 nec
872 3596 905 3617 =
920 3571 1053 3626 sucirensi
1070 3571 1139 3626 doct
1158 3571 1229 3626 asech
1246 3571 1331 3638 nieht,
1349 3578 1383 3626 sst
1399 3571 1476 3626 scide-

333 3664 391 3724 lcr;
409 3658 458 3714 sed
474 3661 565 3714 nescio
585 3677 622 3713 nn
644 3661 747 3714 lacerno
766 3661 802 3714 sit
820 3659 978 3726 statuenda,
997 3677 1081 3729 quam
1098 3662 1138 3721 sie
1154 3661 1237 3716 aelim
1255 3661 1372 3730 expleri.-
1392 3662 1476 3730 <satis

333 3747 441 3815 quidem
462 3747 676 3818 imprudenter‚>
694 3749 802 3819 quando
867 3749 1004 3804 deribita
1022 3750 1058 3803 Μ
1116 3749 1476 3811 8nonsitd1R,omnino

334 3838 370 3887 sit
393 3835 446 3890 Urs
504 3839 534 3891 11
561 3837 744 3908 hierosolyma
762 3838 804 3902 M,
828 3839 1044 3908 Hierosolymam
1063 3839 1180 3909 Baulpo
1240 3837 1480 3893 recontractus

333 3925 364 3976 in
384 3925 424 3978 lit.
501 3927 533 3981 13
557 3932 710 3981 occurreret
729 3928 763 3981 Μ
854 3928 919 3997 quid
937 3927 1048 3995 Mrem,
1072 3944 1126 3997 qna
1143 3928 1183 3982 lc
1254 3930 1288 3982 15
1305 3925 1478 3982 desiderabat

334 4012 391 4066 Lat
494 4031 562 4084 quos
581 4016 651 4069 Lot:
671 4016 744 4072 cuod
763 4017 824 4070 MR
936 4017 1039 4070 uultis
1060 4017 1129 4082 (scit
1148 4015 1271 4084 Paulas)
1289 4015 1348 4070 los
1365 4017 1478 4084 (prohat

335 4101 407 4169 Eup)
463 4103 497 4157 16
517 4120 580 4156 uere
600 4120 650 4157 om.
666 4105 735 4158 Pam
792 4107 825 4158 li
846 4121 875 4158 er
896 4105 1054 4159 defensione
1068 4103 1179 4168 MR³G,
1198 4108 1227 4158 et
1244 4103 1430 4158 defensionem
1443 4103 1479 4157 12¹

338 4188 370 4242 18
383 4190 626 4258 superinducticios
641 4192 726 4246 Pam:
741 4192 953 4262 superducticios
967 4193 1029 4246 Mle
1064 4193 1100 4246 24
1113 4191 1365 4262 superinducticios,
1382 4193 1480 4262 inquit,

336 4279 419 4331 lsisos
439 4279 508 4332 Pom
