3250 4959
326 377 367 440 82
548 371 664 438 Quinti
685 369 825 442 Septimi
844 370 1017 425 Florentia
1036 369 1244 424 Tertulliani

324 567 398 633 fidei
414 587 489 632 suae
504 567 726 650 professorem:
748 565 832 643 uiri,
852 565 964 646 inquit,
985 565 1132 641 fratres,
1153 583 1221 648 ego
1238 563 1467 628 Pharisaeus

327 693 417 752 sum,
441 674 551 739 filius
572 673 872 750 Pharisaeorum,
898 672 939 737 de
960 691 1024 755 spe
1043 690 1138 736 nunc
1158 682 1195 736 et
1219 671 1261 734 de
1283 689 1467 735 resurrec-

325 781 428 845 tione
457 780 606 846 iudicor
634 781 732 862 apud
759 799 838 855 uos,
870 780 982 862 ntique
1015 779 1185 856 communi,
1218 797 1266 856 ue,
1300 779 1376 860 quia
1405 777 1467 841 iam

324 890 541 970 transgressor
558 887 638 971 legis
657 887 837 960 uidebatur,
862 887 901 950 de
919 887 1089 970 praecipuo
1107 885 1182 950 fidei
1205 887 1306 950 totius
1325 885 1468 950 articulo.

325 994 357 1057 id
387 998 436 1058 est
464 993 502 1058 de
529 994 768 1069 resurrectione,
802 993 842 1057 ad
870 991 1050 1058 Seducaeos
1083 1011 1192 1075 sapere
1224 991 1467 1057 existimaretur.
1502 1017 1516 1056 a
1608 1024 1609 1047 r

326 1101 370 1164 ita
394 1119 488 1180 (puram
513 1100 641 1164 uolebat
664 1099 765 1163 uideri
787 1098 966 1163 rescindere
989 1099 1084 1162 fidem
1102 1099 1341 1163 resurrectionis
1360 1098 1469 1180 ulique
1608 1080 1609 1085 ἵ

327 1207 531 1272 confirmabat
566 1205 740 1271 secundum
777 1205 975 1282 Pharisaeos,
1007 1224 1159 1287 respuens
1191 1210 1358 1288 negatores
1391 1204 1469 1279 eius,

327 1313 516 1378 Seducaeos.
549 1313 679 1396 proinde
715 1315 748 1376 et
775 1311 859 1394 apud
886 1312 1060 1397 Agrippam
1088 1313 1168 1376 nihil
1196 1331 1230 1376 se
1263 1313 1309 1377 ait
1334 1313 1470 1394 proferre

327 1420 406 1485 citra
437 1439 531 1502 quam
560 1420 733 1502 prophetae
762 1417 1012 1482 annuntiassent.
1040 1437 1114 1502 ergo
1142 1419 1292 1484 seruabat
1317 1436 1470 1483 resurrec-

325 1527 444 1591 tionem
476 1546 615 1609 quoque,
648 1526 773 1608 qualern
805 1526 978 1606 prophetae
1010 1526 1240 1590 adnuntiarunt.
1274 1528 1403 1590 namet
1432 1525 1470 1588 de
1492 1551 1518 1590 ιο

326 1633 552 1698 resurrectione
572 1639 767 1698 mortuorum
788 1632 872 1713 apud
892 1633 1025 1715 Moysen
1050 1634 1203 1714 scriptum
1224 1649 1471 1696 commemorans

327 1740 518 1822 corporalem
545 1757 614 1803 eam
637 1741 736 1814 norat,
756 1737 787 1801 in
807 1758 870 1819 qua
893 1738 1017 1803 scilicet
1040 1739 1170 1822 sanguis
1194 1736 1332 1802 hominis
1350 1737 1471 1819 exquiri

326 1847 465 1911 habebit.
489 1847 595 1927 itaque
618 1844 714 1909 talem
735 1845 948 1926 praedicabat,
973 1845 1100 1928 qualem
1124 1847 1157 1910 et
1179 1843 1341 1909 Pharisaei
1365 1862 1471 1908 susce

327 1957 437 2034 perant
461 1957 491 2016 et
514 1952 660 2017 dominus
681 1953 750 2034 ipse
774 1951 958 2016 defenderat
981 1954 1014 2015 et
1032 1951 1196 2030 Saducaei,
1220 1969 1258 2014 ne
1281 1951 1378 2014 talem
1398 1969 1473 2033 quo·

328 2079 389 2142 que
413 2059 584 2136 crederent,
612 2058 644 2122 in
669 2061 773 2123 totum
799 2077 870 2122 esse
892 2059 1065 2123 uoluerant.
1093 2058 1150 2122 sed
1176 2075 1234 2122 uec
1261 2057 1471 2122 Athenienses
1493 2085 1519 2124 rs

327 2164 424 2229 aliam
451 2165 669 2230 intellexerant
692 2184 710 2228 a
732 2165 833 2230 Paulo
861 2164 1013 2248 portendi.
1042 2165 1178 2247 denique
1205 2165 1384 2239 irriserant,
1411 2182 1472 2228 non

327 2270 454 2334 iurisuri
478 2271 615 2348 omnino,
646 2271 673 2334 si
701 2269 824 2334 animae
853 2271 954 2335 solius
977 2271 1215 2335 restitutionem
1242 2270 1281 2334 ab
1306 2289 1342 2334 eo
1367 2269 1471 2334 audis·

328 2379 412 2453 sent3
438 2378 656 2460 suscepissent
679 2377 760 2441 enim
781 2377 967 2442 uernaculae
986 2397 1062 2442 suae
1085 2377 1305 2460 philosophiae
1328 2377 1472 2459 frequen-

327 2482 441 2546 tiorem
460 2484 758 2565 praesumptionem.
778 2487 811 2548 at
829 2484 885 2548 ubi
904 2485 967 2547 iam
986 2486 1130 2549 nationes
1149 2483 1350 2567 praeconium
1369 2500 1472 2546 resur-

263 2575 267 2586 ’
328 2589 475 2653 rectionis
495 2590 655 2654 inauditae
678 2595 762 2655 retro
781 2591 853 2672 ipsa
870 2591 1014 2656 nouitate
1033 2591 1195 2656 concussit
1213 2594 1246 2654 et
1263 2589 1358 2673 digua
1375 2589 1471 2653 incre·
1489 2621 1519 2662 ω

328 2694 446 2760 dulitas
473 2695 518 2760 rei
545 2700 652 2761 tantae
682 2699 921 2779 quaestionibus
953 2697 1047 2762 iidem
1075 2703 1222 2779 torquere
1249 2697 1363 2779 coepit,
1396 2699 1473 2760 tuuc

328 2805 360 2865 et
384 2803 548 2884 apostolus
572 2806 754 2885 parietum
779 2822 878 2886 paene
901 2805 1147 2867 instrumentum
1166 2801 1262 2866 tidem
1285 2801 1382 2865 huius
1405 2799 1472 2884 spei

328 2908 526 2972 corroborare
551 2910 685 2987 curauit,
711 2915 743 2973 et
767 2929 837 2975 esse
862 2929 930 2973 eam
955 2909 1125 2974 ostendens
1153 2913 1185 2973 et
1207 2907 1345 2972 nondum
1372 2911 1472 2972 trans-

329 3019 430 3078 actam
460 3019 501 3083 et.
536 3017 573 3080 de
607 3035 668 3099 quo
701 3017 805 3101 magis
835 3016 1054 3099 quaerebatur,
1086 3015 1281 3099 corporalem
1313 3019 1356 3090 et,
1389 3011 1472 3095 quod

327 3121 457 3204 insuper
480 3122 693 3200 dubitabatur,
717 3143 777 3187 nou
803 3124 894 3187 aliter
917 3124 1120 3205 corporalem.
1489 3157 1518 3196 ,ὅ

373 3229 426 3292 40.
446 3230 534 3294 Nihil
558 3235 663 3294 autem
688 3231 814 3306 mirum,
835 3231 863 3294 si
882 3234 915 3294 et
938 3230 1094 3311 exipsius
1112 3229 1322 3293 instrumento
1346 3229 1472 3309 captan-

327 3339 381 3399 tur
413 3341 608 3420 argumenta,
639 3356 711 3402 cum
740 3342 886 3418 oporteat
912 3337 1058 3400 haereses
1087 3355 1171 3410 esse;
1200 3353 1281 3417 quae
1308 3353 1379 3398 esse
1411 3353 1471 3397 uon

328 3448 468 3525 possent,
489 3445 516 3507 si
536 3463 596 3508 uon
617 3449 649 3508 et
667 3463 829 3526 perperam
850 3444 1024 3525 scripturae
1043 3444 1187 3526 intellegi
1201 3444 1342 3525 possent.
1362 3441 1472 3504 nacme

329 3549 463 3633 denique
487 3551 632 3616 haereses
653 3551 731 3616 duos
752 3552 896 3616 homiues
916 3551 954 3614 ab
975 3550 1119 3633 apostolo
1144 3550 1256 3627 editos,
1280 3547 1472 3625 interiorem,

419 3710 444 3778 l]
466 3708 525 3762 Act.
544 3710 587 3778 23,
607 3709 632 3763 6.
687 3711 715 3778 8]
736 3709 769 3762 cl.
790 3713 849 3764 Act.
869 3711 912 3777 26,
930 3709 974 3761 22.
1031 3709 1075 3776 11]
1096 3706 1128 3761 ci.
1144 3711 1203 3760 Act.
1222 3707 1265 3768 26.
1284 3707 1332 3773 aa,
1352 3703 1385 3758 ci.
1405 3703 1471 3759 Geu.

328 3799 353 3866 9,
368 3799 393 3852 5.
450 3799 494 3868 lb]
511 3800 543 3852 ci.
560 3799 617 3851 Act.
636 3801 676 3868 17,
692 3800 734 3854 32.
791 3799 1049 3867 2710f.100r.11,
1067 3799 1107 3851 19.
1162 3794 1471 3866 291cf.1100r.4‚1s.

364 3923 380 3974 3
400 3925 542 3992 communi,
562 3941 595 3977 ne
614 3925 678 3993 quia
695 3925 759 3978 Gal:
778 3928 912 3979 communi
933 3925 997 3993 quia
1015 3923 1110 3990 PMF,
1130 3923 1317 3975 communione
1336 3937 1390 3990 qua
1402 3920 1473 3989 ΒΜ

330 4011 363 4065 15
382 4029 431 4065 nee
450 4029 500 4065 ora.
520 4013 548 4065 P
566 4013 642 4077 (add.
658 4013 684 4067 R
703 4032 736 4068 ex
750 4013 957 4082 Hirsaupierssal
1013 4013 1046 4065 19
1065 4012 1110 4065 ubi
1130 4012 1183 4063 iarn
1198 4010 1269 4077 aff,
1289 4010 1336 4063 uhi
1354 4008 1472 4078 Paalga

327 4101 363 4155 ab
383 4099 465 4170 digne
489 4112 533 4168 (=
557 4103 626 4168 iare,
646 4104 919 4172 bagreiflicherweise)
936 4118 1010 4169 saara
1029 4101 1092 4167 Eup
1146 4100 1179 4152 21
1199 4104 1326 4167 torquere
1343 4097 1474 4151 Maca.-

329 4193 485 4257 ertoranre
505 4190 532 4242 P
593 4193 627 4244 26
647 4196 792 4260 captantur
809 4190 879 4258 ΜΓ,
899 4193 1044 4260 captentur
1062 4188 1179 4258 Paalpo
1239 4187 1274 4240 28
1292 4190 1396 4240 nme
1408 4186 1473 4240 cet.-

329 4283 409 4331 natae
428 4279 518 4333 1²an
