3250 4959
451 421 511 476 Vll
528 419 697 476 Aduersus
716 421 916 476 Marcionem
933 420 982 478 lib.
1000 420 1024 476 V
1043 421 1067 478 3.
1263 425 1328 492 577

184 617 344 702 euangelii
370 615 550 682 facilitates.
579 617 766 682 meminerat
793 616 856 682 iam
884 620 918 681 st
943 617 1059 700 psalmi
1087 636 1159 683 csse
1186 621 1329 702 tompus:

185 723 465 808 disrumpamus
493 740 512 786 a
538 721 647 788 nobis
675 723 830 788 uincula
858 742 983 789 eorum
1013 728 1050 788 et
1078 724 1287 790 abiciamus
1310 741 1329 790 a

185 830 295 898 nobis
314 831 442 915 iugum
466 829 645 912 ipsorum,
666 849 702 894 ex
722 849 783 912 quo
803 829 1062 896 tumultuatae
1086 835 1175 897 sunt
1198 837 1330 916 gentes

185 942 223 1004 et
259 937 391 1022 populi
427 935 603 1002 meditati
641 939 730 1002 suut
771 937 910 1015 inania,
947 937 1183 1004 adstiterunt
1223 957 1330 1023 reges

150 1068 164 1110 e
184 1049 310 1110 terrae
333 1045 370 1108 ct
393 1043 643 1128 magistratus
668 1043 890 1128 congregati
909 1044 1052 1108 suntin
1071 1063 1185 1110 anum
1205 1044 1334 1110 aduer-

185 1167 250 1216 sus
266 1148 451 1216 deminum
469 1151 505 1214 et
518 1149 704 1214 aduersus
720 1147 913 1215 Christum
926 1149 1061 1232 ipsius,
1077 1152 1115 1214 ut
1128 1149 1192 1216 iam
1208 1169 1244 1216 cx
1258 1149 1332 1216 fidei

183 1256 332 1322 libertate
345 1254 573 1322 institueretur
586 1255 692 1334 homo,
706 1274 768 1322 non
782 1275 820 1320 ex
832 1256 915 1340 legis
930 1256 1094 1336 scrrrituts,
1105 1257 1191 1339 quia
1205 1257 1333 1325 iustus

186 1381 227 1429 ex
249 1363 327 1429 fids
350 1363 461 1428 uiuit.
485 1362 571 1446 quod
595 1363 624 1427 si
645 1362 816 1445 prophetes
833 1363 963 1429 Abacuc
982 1364 1211 1447 pronuntiauit,
1235 1363 1333 1430 habas

187 1472 221 1535 st
242 1470 424 1554 apostolum
448 1469 620 1553 prophetas
640 1467 889 1547 confirmantem,
913 1470 999 1535 sicut
1021 1474 1054 1535 et
1077 1469 1235 1537 Christus.
1264 1472 1334 1536 eius

137 1599 167 1642 oo
187 1595 262 1661 ergo
287 1575 338 1642 dei
361 1577 421 1643 erit
443 1575 534 1652 fidos,
557 1575 590 1640 in
615 1595 677 1658 qua
699 1575 791 1642 uiuet
812 1577 930 1654 iustus,
958 1577 1051 1642 cuius
1074 1580 1106 1643 et
1127 1578 1188 1656 lex,
1216 1577 1248 1644 iu
1272 1597 1334 1662 qua

186 1701 247 1750 non
270 1683 463 1750 iustificatar
481 1683 651 1766 operarius.
715 1683 850 1748 Proinde
873 1683 901 1749 si
924 1683 956 1747 in
980 1684 1051 1768 lage
1070 1683 1251 1750 maledictio
1275 1689 1334 1761 cst,

185 1791 218 1857 in
250 1789 313 1856 fide
343 1809 417 1856 uero
450 1789 639 1868 benedictio,
676 1793 847 1872 utrumque
883 1789 982 1856 habes
1018 1791 1218 1874 propositum
1250 1791 1335 1873 apud

187 1901 375 1965 creatorem:
401 1915 486 1962 ecoe
510 1896 633 1980 posui,
656 1896 772 1979 inquit,
801 1899 886 1962 ante
909 1900 945 1960 te
966 1896 1274 1962 maledictionem
1299 1902 1336 1962 et

187 2003 500 2071 benedictionem.
511 2021 573 2068 non
586 2006 678 2086 potes
694 2002 879 2068 distantiam
892 2002 1106 2068 uindicare-
1117 2021 1197 2086 quae
1213 2003 1274 2070 etsi
1288 2022 1336 2067 re-

141 2136 168 2178 ra
187 2131 259 2176 rum
278 2115 412 2189 estnon
432 2110 503 2176 ideo
523 2114 689 2176 auctorum
706 2147 743 2158 -
763 2129 843 2192 quae
861 2109 901 2175 ab
921 2129 983 2174 uno
998 2114 1127 2176 auctore
1141 2111 1335 2194 proponitur.

191 2235 248 2284 cur
261 2219 367 2282 autem
383 2216 529 2284 Christus
542 2217 647 2284 factus
662 2217 706 2284 sit
718 2235 774 2298 pro
788 2215 880 2281 nobis
895 2215 1086 2291 maledictio,
1102 2216 1172 2298 ipso
1191 2217 1336 2300 apostolo

190 2323 352 2401 edocente,
393 2322 599 2388 manifestum
641 2325 701 2402 est,
743 2341 838 2406 quam
879 2321 1045 2388 uobiscum
1082 2321 1188 2402 faciat,
1221 2321 1255 2387 id
1287 2326 1338 2388 est

191 2429 367 2498 secundum
389 2427 484 2495 fidem
507 2429 669 2496 creatoris.
692 2447 794 2512 nequa
818 2428 901 2494 enirn
925 2429 999 2511 quia
1018 2431 1139 2495 creator
1156 2429 1338 2512 pronuntia·

192 2536 257 2602 uit:
281 2535 508 2601 maledictus
541 2535 661 2600 omnis
693 2535 797 2619 ligno
832 2553 1052 2617 suspensus,
1075 2535 1146 2600 ideo
1175 2535 1337 2601 uidebitur

145 2673 175 2712 so
193 2642 323 2708 ulterius
353 2641 404 2706 dci
431 2661 502 2710 esse
532 2641 678 2707 Obrimus
706 2645 739 2708 st
766 2641 885 2708 idcireo
913 2660 931 2706 a
958 2646 1097 2709 creatore
1120 2642 1184 2706 iam
1206 2645 1284 2708 tuuc
1306 2643 1338 2708 iu

190 2749 263 2833 lege
290 2748 492 2814 maledictas.
523 2750 581 2814 aut
607 2748 766 2832 quomodo
793 2748 1087 2831 praemaledixisset
1108 2766 1181 2813 eum
1206 2751 1338 2825 creator,

191 2875 286 2939 quom
300 2856 488 2939 ignorabat?
503 2874 559 2921 our
578 2860 684 2922 autem
703 2874 764 2921 non
783 2855 887 2940 magis
905 2859 1066 2939 competat
1084 2855 1218 2921 creatori
1237 2856 1338 2921 lilium

191 2981 287 3030 suum
312 2963 436 3030 dedisse
460 2960 676 3030 maledictioni
700 2980 776 3028 suae
800 2980 894 3044 quam
916 2961 965 3026 illi
988 2961 1047 3026 deo
1075 2965 1132 3027 tuo
1156 2962 1338 3028 subdidisse

191 3069 419 3149 maledictioni,
443 3068 627 3151 etquidem
651 3087 706 3152 pro
731 3068 858 3139 homine
882 3068 1005 3134 alieno?
1034 3067 1168 3151 denique
1197 3068 1224 3133 si
1253 3072 1341 3134 atrox

144 3202 175 3248 ‚s
193 3176 321 3242 uidetur
349 3177 409 3243 boc
436 3177 468 3241 in
498 3178 637 3240 creatore
666 3175 749 3240 circa
776 3175 888 3256 filium,
916 3174 1047 3257 proinde
1070 3177 1126 3240 tuo
1150 3175 1182 3239 in
1205 3175 1279 3251 deo;
1312 3174 1341 3239 si

193 3301 268 3347 uero
292 3282 445 3348 rationale
469 3285 502 3347 et
523 3280 555 3344 in
580 3285 646 3358 tuo,
670 3280 799 3362 proinde
823 3283 856 3345 et
873 3280 906 3346 in
929 3299 1011 3359 meo,
1035 3284 1068 3345 et
1086 3280 1189 3365 magis
1209 3280 1241 3344 in
1261 3299 1340 3346 mco.

282 3422 465 3491 sistas.
520 3423 547 3489 a]
566 3421 611 3475 rs.
631 3421 656 3484 2,
677 3419 755 3477 1-2.
810 3420 1180 3491 peramarum.
1231 3419 1340 3490 arcer.

191 3511 219 3577 3,
239 3511 281 3564 ll.
299 3509 369 3564 Hab.
388 3511 414 3577 2,
428 3511 454 3564 4.
523 3508 807 3580 molucrum.
868 3508 911 3580 12]
932 3509 965 3564 cf.
985 3508 1046 3564 Gal.
1066 3511 1091 3577 3,
1110 3510 1136 3564 9.
1193 3511 1238 3580 13]
1258 3511 1341 3566 Dsut,

194 3600 236 3663 11,
255 3600 299 3654 26.
344 3599 399 3669 16]
421 3598 454 3653 ci.
474 3598 535 3656 Gal.
554 3600 580 3662 3,
596 3599 638 3654 13.
695 3598 841 3668 191Deuo.
860 3599 904 3667 21,
922 3599 966 3654 23.

229 3705 245 3758 2
265 3705 463 3776 disrumpamus
482 3722 498 3760 a
516 3705 595 3758 nobie
614 3707 650 3774 of.
672 3709 734 3774 317,
754 3709 791 3760 10
846 3705 862 3758 7
881 3705 1076 3759 iustificaretur
1093 3705 1193 3774 scripsi
1212 3705 1258 3773 (cf.
1274 3705 1342 3767 576,

191 3797 241 3850 26.
262 3797 327 3863 29):
347 3795 510 3849 iustificetur
528 3793 591 3850 MR
680 3795 793 3848 Suiuet
811 3795 884 3849 Pam
992 3794 1092 3848 abacue
1111 3795 1153 3856 M,
1173 3793 1294 3848 liboeum
1314 3792 1342 3848 R

192 3883 381 3954 pronuntiauit
390 3883 433 3952 M,
448 3883 652 3953 praenuntiauit
663 3883 690 3938 R
699 3884 782 3952 culpo
822 3885 854 3937 14
859 3883 1041 3951 parenthesin
1050 3881 1244 3937 indicauireed
1251 3881 1343 3935 macie

191 3989 232 4026 cn
249 3971 429 4026 inemendata
446 3971 485 4025 eit
502 3972 571 4027 ordo
590 3972 774 4026 elocutionem
812 3973 845 4026 16
859 3989 915 4041 sqq.
931 3972 1078 4042 coniunge:
1092 3972 1152 4041 ipso
1166 3973 1258 4024 eutem
1278 3984 1343 4037 epo-

192 4061 263 4114 stolo
288 4059 428 4124 edocente,
452 4060 651 4116 cur...factus
679 4061 724 4124 sit,
749 4060 924 4115 manifestum
948 4064 999 4129 cst,
1028 4077 1107 4129 qnam
1120 4099 1127 4114 .
1139 4102 1145 4115 .
1157 4101 1162 4112 .
1174 4057 1258 4112 faciat
1284 4057 1343 4111 coil.

191 4150 336 4217 apostolae
354 4149 438 4218 (Erip)
479 4148 511 4204 19
531 4148 605 4218 ligno
621 4148 663 4218 M,
683 4149 710 4203 in
729 4148 805 4218 ligno
820 4149 941 4218 Respo
987 4148 1019 4202 21
1042 4156 1089 4202 aut
1106 4147 1220 4215 scripsi:
1239 4149 1268 4199 ct
1282 4144 1344 4199 MR

192 4239 226 4292 22
246 4237 391 4306 ignorabat
408 4237 521 4306 scripsi.-
539 4238 648 4307 ignorat
665 4237 737 4300 MR,
757 4237 895 4307 ignoraret
913 4238 977 4307 Eup
1031 4238 1065 4290 26
1085 4236 1217 4290 rationale
1231 4233 1344 4297 MR³G,

192 4327 262 4380 ratic
281 4342 330 4380 nec
349 4325 392 4380 lex
411 4325 450 4381 R¹

219 4450 352 4492 xxxxmr.
365 4453 427 4492 rere.
442 4451 485 4492 111.
1273 4433 1306 4485 37
