3250 4959
336 401 404 464 298
567 396 683 463 Quinti
702 399 843 469 Septimi
861 398 1032 453 Florentia
1051 399 1251 454 Tertulliani

337 595 415 659 deos
443 594 609 660 confessus
641 615 702 660 non
730 597 836 678 potest
859 595 961 660 tacere
989 595 1143 674 diuersos,
1172 614 1232 660 non
1261 597 1336 680 quia
1362 615 1419 662 non
1444 601 1472 660 et

338 701 480 765 homines
503 702 581 766 licet
603 703 663 767 sub
686 703 797 766 omem
821 703 1031 784 appellatione
1055 702 1292 768 diuersissimas
1316 721 1397 778 esse,
1423 701 1471 768 sed

336 807 413 889 quia
429 806 509 872 dens
527 827 588 873 non
607 808 669 872 erit
686 808 848 886 dicendus,
869 808 943 890 quia
960 827 1019 873 nec
1037 808 1221 887 credendus,
1240 809 1301 874 nisi
1321 828 1472 873 summum

338 932 499 998 magnum.
519 933 592 979 cum
607 934 681 998 orgo
697 934 859 980 summum
877 935 1027 1000 magnum
1047 920 1179 1000 cogatur
1197 934 1369 998 agnoscere
1388 935 1473 999 quem

337 1019 432 1084 deum
462 1039 523 1086 non
552 1027 656 1106 negat,
684 1041 745 1087 non
774 1025 881 1104 potest
909 1022 1046 1100 admitti,
1071 1026 1108 1086 ut
1135 1041 1260 1087 summo
1284 1041 1401 1108 magno
1427 1022 1508 1086 ali-r

335 1145 432 1209 quam
468 1127 628 1192 adscribat
664 1128 917 1206 diminutionem,
955 1147 1015 1210 qua
1054 1127 1230 1194 subiciatur
1267 1129 1322 1194 alii
1358 1149 1475 1194 summo

336 1251 464 1316 magno.
494 1235 613 1298 desinit
642 1235 736 1312 enim,
765 1235 792 1299 si
821 1234 1005 1300 subiciatur.
1033 1254 1095 1300 non
1119 1237 1170 1300 est
1192 1239 1299 1299 autem
1327 1235 1379 1300 dei
1402 1234 1477 1300 desi·

337 1358 410 1404 nere
434 1340 473 1404 de
496 1345 584 1405 statu
613 1359 681 1418 suo,
709 1341 817 1405 idest
845 1341 1033 1405 desummo
1061 1360 1282 1426 magnonem
1313 1347 1345 1406 et
1371 1343 1404 1406 in
1425 1342 1476 1406 illo

338 1446 395 1511 deo
419 1447 542 1529 potiore
560 1447 733 1530 periclitari
755 1447 872 1535 poterit
895 1467 1057 1512 summum
1081 1467 1243 1531 magnum,
1267 1447 1295 1512 si
1315 1447 1478 1531 depretiari

335 1553 423 1635 capit
444 1554 476 1617 in
501 1559 651 1618 creatore.
675 1554 721 1617 ita
744 1573 818 1619 cum
842 1553 904 1618 dno
928 1553 972 1617 dii
1000 1555 1243 1637 pronuntiantur
1265 1553 1328 1619 duo
1358 1573 1478 1618 summa
1493 1575 1512 1616 ro

336 1679 462 1744 magna,
485 1679 615 1725 necesse
639 1665 689 1725 est
712 1665 859 1724 neutrum
884 1661 982 1725 altero
1012 1663 1068 1724 aut
1095 1660 1198 1725 maius
1222 1661 1266 1726 sit
1288 1664 1346 1725 ent
1368 1662 1477 1736 minus,

335 1771 484 1831 neutrum
503 1767 602 1830 altero
627 1770 683 1832 aut
706 1766 877 1831 sublimius
902 1770 958 1830 aut
976 1765 1140 1832 deiectius.
1165 1785 1247 1850 nega
1269 1766 1364 1832 deum
1389 1785 1477 1850 quern

335 1872 416 1938 dicis
441 1873 643 1950 deteriorem
668 1892 748 1957 nega
771 1892 932 1938 summum
957 1891 1107 1957 magnum
1136 1891 1229 1954 quern
1253 1873 1357 1938 eredis
1385 1873 1475 1937 mino·

335 1997 412 2045 rem.
450 1979 545 2045 deum
581 1998 657 2044 uero
695 1980 859 2044 confessus
896 1983 1067 2060 utrumqne
1104 1979 1166 2045 duo
1205 1999 1331 2044 summa
1368 1997 1477 2064 magna

334 2086 501 2150 confessus
528 2105 573 2151 es.
601 2086 681 2150 nibil
708 2087 800 2150 alteri
829 2087 948 2150 adimes
982 2090 1038 2151 eut
1069 2086 1160 2151 alteri
1188 2077 1358 2152 adscribes.
1388 2104 1476 2170 agno·
1493 2109 1512 2148 rs

332 2211 427 2256 scens
450 2192 651 2257 diuinitatem
674 2193 798 2276 negasti
822 2192 1049 2280 diuersitatem.

380 2300 410 2364 7.
435 2299 619 2382 Temptabis
643 2299 682 2363 ad
705 2299 783 2363 baec
806 2299 845 2363 de
868 2299 994 2364 nomine
1014 2299 1064 2364 dei
1084 2303 1250 2364 concutere
1272 2302 1473 2365 retractatum

333 2411 372 2470 ut
399 2407 530 2490 pessino
560 2410 592 2471 et
617 2407 650 2470 in
679 2406 758 2469 elios
788 2423 913 2487 quoque
940 2406 1106 2487 permisso.
1136 2407 1211 2489 qnia
1238 2407 1393 2488 seriptum
1422 2406 1473 2470 sit:

332 2513 433 2577 deus
462 2513 625 2576 deorum
654 2512 778 2576 stetit
804 2512 844 2575 in
873 2513 1052 2577 eeclesia
1080 2512 1253 2591 deorum,
1282 2513 1320 2576 in
1348 2512 1472 2578 medio
1610 2589 1611 2602 χ

332 2624 467 2683 eutem
492 2619 588 2683 deos
612 2618 874 2694 diiudicabit,
900 2623 948 2683 et:
974 2619 1160 2703 agedinci,
1184 2638 1255 2684 uos
1280 2619 1336 2683 dii
1362 2620 1509 2684 estias
1610 2655 1611 2684 1

333 2745 391 2789 nec
414 2730 521 2790 tamen
544 2724 661 2790 idcirco
687 2726 732 2790 eis
756 2731 918 2807 competat
940 2727 1102 2808 possessio
1122 2727 1238 2790 summi
1262 2727 1380 2810 magni,
1404 2727 1474 2809 quia

330 2832 377 2896 dii
401 2832 675 2916 cognominentur3
699 2832 745 2895 ita
767 2849 823 2895 neo
848 2833 990 2895 creatori.
1015 2832 1211 2913 respondebo
1236 2836 1268 2898 et
1287 2833 1399 2908 stulto,
1423 2833 1472 2915 qui

331 2960 389 3004 nec
421 2941 481 3003 boc
513 2939 747 3022 recogiteuerit,
780 2957 819 3002 ne
846 2939 1032 3002 tantundem
1060 2943 1093 3002 et
1122 2940 1155 3004 in
1184 2939 1278 3003 deum
1305 2939 1472 3006 Marcionis

332 3047 437 3129 possit
463 3045 647 3128 retorqueri.
676 3048 713 3109 ut
740 3048 773 3108 et
801 3045 892 3109 illum
919 3045 1013 3109 deum
1042 3044 1162 3110 dictum
1191 3065 1248 3110 nec
1277 3045 1348 3110 ideo
1371 3049 1471 3110 tamen

331 3171 493 3217 summum
521 3170 673 3235 magnum
705 3152 884 3234 probatum,
918 3152 1002 3216 siout
1029 3171 1085 3216 nec
1113 3152 1217 3236 angeli
1246 3157 1302 3216 aut
1332 3153 1509 3218 hominess
1610 3209 1611 3230 ¹

331 3259 492 3325 creatoris.
527 3258 554 3321 si
588 3259 768 3322 communio
801 3259 963 3323 nominum
997 3258 1236 3323 condicionibus
1268 3257 1472 3341 praeiudicat,
1610 3243 1611 3258 ¹

329 3365 441 3448 quenti
465 3383 599 3446 nequam
623 3365 708 3428 serui
730 3383 841 3446 regum
862 3365 1041 3429 nominibus
1065 3365 1229 3442 insultant,
1252 3364 1422 3430 Alexandri
1443 3367 1472 3428 et

330 3472 419 3536 Darii
446 3477 480 3535 et
511 3469 697 3535 Olofernae?
730 3490 787 3535 nec
815 3476 920 3535 tamen
953 3470 1023 3535 ideo
1057 3471 1186 3555 regibus
1218 3469 1251 3534 id
1284 3471 1369 3553 quod
1400 3477 1472 3535 sunt

329 3579 522 3642 detrahetur.
551 3597 624 3640 nam
652 3581 685 3641 et
710 3578 781 3660 ipse
807 3576 894 3641 idola
922 3577 1065 3660 gentium
1094 3577 1144 3641 dei
1172 3579 1282 3662 uulgo,
1311 3577 1368 3643 sed
1396 3578 1470 3642 deus

331 3703 422 3748 nemo
452 3702 489 3746 ea
515 3702 559 3760 re,
588 3701 650 3766 qua
677 3683 755 3748 deus
785 3682 909 3746 dicitnr.
937 3683 982 3746 ita
1010 3701 1069 3767 ego
1097 3701 1158 3748 non
1186 3683 1305 3748 nomini
1338 3683 1387 3748 dei
1416 3701 1470 3747 nec
1486 3707 1507 3745 or
1610 3685 1611 3704 ³

420 3824 590 3893 191Ps.81,
611 3825 634 3878 1.
690 3824 735 3892 ao]
754 3825 798 3880 rs.
818 3825 861 3892 er,
881 3825 905 3877 c.

367 3949 428 4001 let
447 3963 497 4001 om.
516 3947 547 4001 F
593 3947 693 4017 3qnia
711 3949 818 4015 (priore
836 3949 905 4013 loco)
924 3949 994 4011 MR,
1014 3949 1078 4019 quie
1095 3949 1135 4002 ita
1153 3949 1183 4002 F
1230 3949 1469 4004 ddiminutionem

327 4035 630 4104 concorporationem
649 4037 769 4106 Roulpo
844 4038 877 4090 10
897 4043 1017 4092 creatore
1037 4042 1063 4103 (e
1082 4055 1115 4093 eac
1133 4039 1159 4109 e)
1177 4037 1214 4092 M
1281 4039 1310 4092 ll
1331 4043 1427 4093 neuun
1445 4036 1473 4091 F

331 4126 363 4179 15
383 4143 411 4178 es
430 4124 512 4192 MR³‚
531 4129 574 4179 eet
591 4124 631 4180 13¹
696 4128 728 4179 11
748 4133 904 4180 conuertere
923 4125 953 4179 F
1018 4129 1053 4182 20
1072 4126 1233 4181 diiudicabit
1250 4127 1292 4194 M,
1311 4126 1471 4182 diiudicunit

329 4213 357 4267 R
428 4216 503 4270 estis.
522 4231 572 4268 nec
589 4215 675 4284 orclem
728 4216 761 4267 12
782 4215 818 4268 (111
835 4215 876 4284 M,
895 4215 939 4268 dei
957 4217 984 4270 R
1038 4216 1072 4271 26
1091 4217 1130 4270 sic
1142 4215 1182 4270 111
1235 4215 1472 4271 28ololemeel1

327 4304 434 4372 (accipe
446 4319 500 4372 pro
518 4319 590 4356 osona
604 4305 703 4371 plum),
722 4303 858 4358 Olofernis
877 4303 997 4374 Rumpe
1057 4306 1092 4360 30
1111 4305 1307 4359 dei—nominis
1326 4321 1378 4360 oros.
1392 4305 1423 4358 F
