3250 4959
382 360 443 414 vu.
462 360 629 417 Aduersus
647 363 846 418 Marcionem
863 364 911 421 lib.
929 365 957 420 11
974 366 1088 423 14-15.
1249 374 1314 435 355

164 554 288 632 latriae,
312 555 390 621 ibim
410 559 442 620 et
461 556 682 622 corcodrillum
703 558 799 623 citius
821 558 928 623 colens
953 578 1048 642 quam
1072 560 1167 626 deum
1192 563 1315 628 uiuum.

164 660 325 743 impendit
347 666 380 727 et
402 662 506 744 ipsum
531 664 697 745 populum,
723 664 778 729 sed
801 665 971 750 ingratum.
1008 666 1132 731 inmisit
1153 671 1187 733 et
1209 671 1316 751 pueris

165 786 271 845 ursos,
300 769 356 833 sed
378 769 631 835 inreuerentibus
656 771 686 835 in
711 772 907 853 prophetam.
945 772 1135 837 uindicanda
1157 779 1224 839 erat
1245 794 1314 857 pro·

157 875 287 961 ,mettas
311 877 425 941 aetatis
449 876 673 941 uerecundiam
697 876 852 944 debentis.

132 1000 146 1039 e
216 983 265 1045 15.
289 982 449 1047 Iustitiam
469 1002 544 1067 ergo
564 983 666 1067 primo
685 984 801 1049 iudicis
822 984 958 1067 dispice;
978 985 1070 1051 cuius
1091 987 1118 1051 si
1140 988 1220 1053 ratio
1244 1008 1316 1054 con-

166 1088 297 1166 stiterit,
316 1094 393 1153 tunc
416 1093 448 1154 et
471 1090 624 1157 seneritas
649 1094 681 1157 et
697 1112 753 1176 per
772 1110 851 1174 quae
867 1093 1021 1159 seueritas
1041 1093 1181 1159 decurrit
1202 1096 1317 1161 rationi

166 1199 200 1259 et
222 1194 365 1264 institiae
393 1198 633 1280 reputabuntur.
658 1216 695 1263 ac
717 1218 756 1264 ne
779 1199 925 1281 pluribus
947 1199 1151 1278 immoremur,
1180 1201 1317 1267 adserito

167 1320 282 1367 causas
311 1298 457 1389 [ceteras]
486 1322 623 1387 quoque,
648 1307 684 1369 ut
708 1305 883 1371 sententias
907 1306 1136 1378 condemnetis.
1170 1312 1318 1373 excusate

167 1407 297 1486 delicta,
320 1412 358 1475 ut
379 1409 498 1475 iudicia
515 1412 699 1494 reprobetis.
723 1412 823 1477 nolite
842 1411 1068 1495 reprehendere
1091 1413 1240 1493 indicem,
1260 1414 1319 1481 sed

120 1532 147 1571 ιο
165 1514 321 1605 reuineite
350 1518 469 1581 malum
492 1516 638 1583 iudicem.
676 1538 747 1582 narn
778 1522 809 1584 et
835 1519 862 1583 si
886 1522 1011 1600 patrum
1036 1520 1152 1584 delicte
1180 1520 1219 1586 de
1242 1521 1317 1587 liliis

168 1622 323 1707 erigebat,
362 1623 477 1689 duritia
514 1625 625 1709 populi
661 1626 739 1691 talia
776 1626 916 1691 remedia
953 1628 1160 1709 compulerat,
1197 1630 1234 1693 ut
1264 1629 1318 1693 uel

166 1729 412 1810 posteritatibus
441 1731 508 1795 suis
535 1731 765 1814 prospicientes
789 1733 853 1817 legi
878 1731 1006 1797 diuinae
1029 1732 1221 1799 oboedirent.
1244 1734 1317 1815 quis

169 1835 254 1900 enim
283 1855 343 1901 non
375 1838 477 1921 magis
501 1838 639 1903 filiorum
665 1841 801 1903 salutem
826 1858 922 1923 quarn
947 1858 1036 1905 snam
1062 1843 1173 1905 curet?
1206 1840 1260 1905 sed
1286 1845 1319 1905 et

169 1944 198 2006 si
222 1944 400 2009 benedictio
421 1950 544 2027 patrum
566 1946 680 2011 semini
705 1966 831 2028 quoque
855 1964 964 2011 eorum
993 1946 1220 2025 destinabatur,
1250 1947 1318 2013 eine

120 2066 149 2107 1⁵
170 2050 237 2115 ullo
267 2049 370 2116 adbuc
399 2052 510 2119 merito
540 2053 620 2127 eius,
655 2072 711 2117 cur
738 2072 798 2117 non
829 2056 862 2117 et
888 2058 996 2118 reatus
1025 2059 1150 2135 patrum
1176 2052 1208 2115 in
1233 2053 1316 2116 filios

170 2176 296 2239 quoque
319 2158 519 2233 redundaret,
542 2158 641 2243 [siout
665 2161 776 2242 gratia,
801 2160 848 2225 ita
871 2163 902 2223 et
922 2157 1051 2247 offensa]
1074 2162 1112 2224 ut
1135 2179 1190 2243 per
1211 2164 1317 2223 totum

170 2282 272 2347 genus
296 2269 329 2329 et
350 2266 453 2349 gratia
477 2265 657 2331 decurreret
672 2269 713 2331 'et
737 2266 879 2331 offensa?
908 2266 998 2330 saluo
1022 2285 1070 2337 eo,
1100 2265 1185 2348 quod
1206 2271 1320 2347 postea

170 2369 296 2434 decerni
324 2371 477 2437 habebat:
515 2392 575 2437 non
605 2374 747 2437 dicturos
777 2372 898 2437 acidam
926 2392 1024 2438 uuam
1052 2376 1157 2453 patres
1187 2372 1316 2437 mandu-

171 2495 261 2543 casse
290 2481 322 2543 et
349 2479 484 2545 filiorum
515 2480 625 2545 dentes
655 2480 860 2561 obstipuisse,
889 2479 922 2544 id
950 2483 1000 2543 est
1027 2498 1089 2543 non
1114 2486 1319 2561 sumpturum

123 2602 152 2643 ao
171 2588 293 2665 patrem
323 2584 473 2651 delictum
501 2586 559 2651 filii
587 2606 645 2652 nec
672 2587 772 2651 filium
803 2586 954 2651 delictum
984 2586 1095 2669 patris,
1123 2585 1179 2650 sed
1206 2604 1320 2649 unum·

171 2709 330 2773 quemque
358 2692 466 2758 delicti
495 2694 544 2758 sui
573 2714 661 2759 reum
690 2694 844 2769 futurum,
873 2704 910 2758 ut
937 2697 1011 2776 post
1035 2693 1184 2757 duritiam
1208 2690 1320 2775 populi

171 2797 289 2863 duritia
303 2798 384 2882 legis
399 2799 538 2865 edomita
552 2801 676 2866 iustitia
689 2801 752 2864 iarn
769 2820 829 2865 non
845 2820 956 2883 genus,
966 2800 1021 2864 sed
1037 2818 1188 2881 personas
1201 2798 1321 2861 iudica-

170 2908 228 2971 ret
240 2924 430 2989 quamquam
448 2908 475 2973 si
489 2909 691 2992 euangelium
707 2908 854 2972 ueritatis
865 2908 1013 2990 accipies,
1025 2906 1063 2971 ad
1074 2905 1321 2989 quospertineat

172 3014 330 3077 sententia
352 3014 513 3079 reddentis
531 3016 562 3079 in
588 3014 672 3091 filios
696 3019 822 3099 petrum
847 3014 963 3078 delicta
986 3031 1168 3097 cognosces,
1189 3012 1228 3075 ad
1246 3012 1320 3073 illos

123 3133 152 3175 ²³
171 3120 308 3199 scilicet,
323 3118 378 3202 qui
396 3121 477 3186 hanc
495 3122 578 3187 ultro
600 3122 660 3186 sibl
679 3122 869 3185 sententiam
888 3120 1013 3183 fuerant
1030 3118 1217 3201 inrogaturi:
1239 3136 1321 3181 san·

172 3226 266 3309 guis
286 3227 407 3291 illiue
428 3247 549 3310 super
567 3228 705 3310 capita
729 3233 870 3293 nostra
894 3231 933 3291 et
956 3225 1142 3289 filiorum
1167 3229 1320 3288 nostro·

172 3351 262 3397 rum.
273 3332 334 3396 hoc
343 3334 452 3415 itaque
461 3335 580 3399 homini
592 3334 792 3418 prouidentia
801 3333 850 3397 dei
863 3330 1088 3412 censuit,quod
1097 3331 1160 3393 iarn
1170 3330 1321 3393 audierat.

263 3454 292 3523 2]
308 3454 341 3509 cl.
361 3454 445 3509 mod.
466 3456 508 3523 32,
527 3458 570 3511 35.
617 3456 650 3511 ci.
665 3456 721 3509 1111
736 3457 802 3525 Reg.
818 3457 843 3519 2,
856 3455 964 3508 23-24
1021 3454 1064 3523 18]
1081 3452 1114 3508 cl.
1131 3452 1204 3505 Hier.
1219 3452 1262 3510 38.
1277 3452 1320 3504 29.

173 3542 221 3611 25]
239 3542 340 3597 Matth.
358 3544 402 3606 27,
422 3546 464 3599 25.

211 3634 222 3685 l
240 3631 308 3685 ibim
318 3632 353 3694 R.
367 3633 407 3686 ibi
417 3634 481 3687 ΜΡ
532 3632 718 3687 corcodrillum
730 3633 771 3692 M.
788 3632 963 3687 corcodillum
977 3631 1012 3688 F.
1028 3628 1191 3684 crocodilum
1201 3628 1230 3682 R
1238 3628 1322 3696 culpo

174 3722 191 3773 2
204 3720 313 3789 inpedit
323 3721 357 3773 M
389 3722 406 3775 3
419 3723 504 3777 uerba
517 3723 851 3789 uindicanda-debentis,
866 3738 937 3790 pocae
950 3722 982 3774 in
997 3721 1077 3773 libris
1088 3735 1150 3773 mee.
1165 3718 1197 3771 r'n
1211 3734 1273 3785 cap.
1287 3720 1324 3769 16

169 3826 200 3877 p.
217 3811 284 3877 356,
303 3813 320 3863 5
329 3816 395 3879 post
408 3811 528 3865 debitum
550 3816 592 3865 est
610 3813 733 3866 iustitiae
751 3812 945 3870 inueniuntur,
965 3811 1019 3862 buc
1037 3807 1183 3862 transtulit
1200 3823 1257 3860 oon
1275 3805 1324 3857 der

179 3898 252 3955 Vliet
305 3899 440 3971 bdispice
454 3900 535 3966 Mm,
555 3902 663 3970 despice
677 3900 716 3954 1t¹
762 3902 902 3953 Bceteras
920 3899 1019 3952 seclusi
1066 3898 1098 3950 10
1114 3900 1142 3949 et
1155 3897 1178 3947 si
1193 3895 1236 3959 M,
1255 3898 1283 3948 et
1294 3894 1323 3947 lt

175 4004 206 4041 ex
221 3990 285 4043 filiis
301 3988 355 4045 cer
403 3992 435 4044 16
446 3992 531 4047 acrba
547 3990 756 4045 sicut-offensa
774 4006 875 4043 nexum
892 3990 1038 4041 uerborum
1057 3986 1186 4039 turbant:
1207 3984 1324 4037 alteriue

175 4078 306 4134 editionis
323 4086 389 4133 aunt
407 4082 535 4135 correctio
553 4081 594 4133 ea'c
611 4080 808 4149 intellepcndo:
827 4084 858 4131 ut
876 4095 924 4148 per
942 4081 1030 4129 toturn
1050 4091 1135 4143 genus
1150 4074 1219 4125 sicut
1234 4073 1324 4141 gratia

175 4171 215 4223 ita
229 4174 258 4223 ct
272 4168 374 4223 offensa
389 4168 548 4223 decurreret.
588 4169 620 4221 19
631 4168 795 4237 obstipuisse
807 4168 876 4232 ΜΡ,
892 4166 1064 4234 obstupuisse
1075 4162 1195 4231 Ruulpo
1250 4177 1322 4213 snm·

175 4258 317 4315 turan
365 4257 504 4311 20filiM
555 4259 589 4312 27
609 4258 755 4322 hocrli'Ri,
775 4257 878 4311 hacR¹
950 4254 1145 4321 hominiEap:
1165 4246 1324 4304 omniallR

1235 4354 1285 4406 23*
