3250 4959
351 419 414 482 134
579 413 696 479 Quinti
716 413 858 484 Septimi
876 414 1049 470 Plorantis
1068 415 1274 472 Tertulliani

350 618 380 678 et
404 613 597 688 factasunt,
626 611 672 675 ita
696 615 728 676 et
752 611 831 676 deus
856 612 927 678 ideo
952 631 1072 678 eonon
1097 614 1192 696 capit,
1223 612 1297 695 quia
1318 631 1376 678 nec
1405 619 1496 679 natos

350 721 475 786 omnino
504 738 563 784 neo
591 719 695 782 factus
725 722 783 783 est.
813 722 846 782 et
872 719 1023 784 materiae
1052 723 1159 784 antem
1193 721 1296 784 status
1328 719 1404 784 talis
1438 726 1494 787 est.

348 828 447 911 igitur
475 846 511 891 er
535 825 660 890 duobus
689 824 837 900 aeternis,
866 828 904 888 ut
930 824 1057 900 innatis,
1086 828 1123 890 ut
1149 825 1288 900 iniectis,
1317 825 1375 890 deo
1404 833 1496 910 atque

349 933 490 1008 materia,
510 931 550 997 ob
570 930 700 994 eandem
720 930 875 994 rationem
891 930 1069 994 communis
1084 933 1190 995 status
1209 949 1245 994 en
1263 948 1365 1013 aequo
1383 931 1496 997 baben·
1601 928 1602 1011 i

348 1040 435 1104 tibus
455 1039 498 1113 id,
518 1035 602 1120 quod
618 1055 719 1118 neque
735 1035 869 1100 diminui
884 1055 941 1100 nec
956 1036 1058 1100 subici
1073 1036 1225 1115 admittit,
1245 1036 1278 1100 id
1297 1043 1349 1102 est
1366 1040 1497 1102 aeterni·
1526 1065 1539 1104 a
1601 1090 1602 1121 ,

347 1149 458 1221 tatem,
487 1147 634 1208 nentrum
665 1141 801 1207 dicimus
830 1144 930 1207 altero
960 1162 1030 1208 esse
1059 1144 1213 1208 minorem
1242 1143 1312 1207 siue
1334 1145 1496 1211 maiorem.
1601 1152 1602 1155 ’

348 1256 494 1316 neutrum
524 1251 622 1316 altero
651 1248 855 1312 humiliorem
886 1249 954 1314 siue
982 1249 1187 1331 superiorem,
1216 1250 1272 1314 sed
1296 1255 1382 1314 stare
1406 1252 1496 1316 ambo

348 1379 384 1423 en
406 1357 474 1441 pari
499 1375 623 1442 magna,
648 1375 683 1420 ex
707 1357 774 1438 pari
799 1355 959 1432 sublimia,
989 1375 1024 1418 ex
1048 1355 1117 1438 pari
1140 1354 1262 1421 solidae
1287 1363 1319 1420 et
1341 1358 1496 1440 perfectae

347 1465 521 1542 felicitatis,
542 1482 621 1546 quae
641 1466 788 1526 censetur
807 1461 988 1526 aeternitas.
1008 1462 1208 1543 nequeenim
1229 1462 1362 1544 proximi
1381 1465 1495 1527 erimus

348 1571 504 1654 opinionis
529 1570 703 1643 nationum,
728 1586 820 1650 quae,
845 1566 873 1632 si
898 1567 1021 1650 quando
1046 1572 1204 1651 coguntur
1227 1568 1321 1632 deum
1345 1569 1495 1644 confiteri,
1514 1597 1538 1636 ιο

347 1683 452 1742 tamen
481 1681 513 1740 et
541 1675 620 1740 alios
649 1675 729 1738 inira
757 1673 850 1738 illum
879 1676 1004 1739 uolunt.
1038 1674 1191 1739 diuinitas
1224 1680 1331 1739 antmn
1366 1675 1496 1760 gradum

346 1802 406 1847 non
427 1782 532 1858 babet,
553 1787 663 1864 utpote
683 1780 786 1844 unica.
812 1799 892 1863 qnae
913 1780 940 1845 si
960 1779 1043 1844 etin
1063 1781 1195 1844 materia
1214 1781 1284 1858 erit,
1308 1785 1346 1846 ut
1368 1781 1497 1865 proinde

345 1889 451 1954 innata
471 1891 503 1952 et
519 1888 640 1952 infecta
659 1891 691 1951 et
710 1890 847 1964 aeterna,
868 1886 970 1952 aderit
988 1887 1088 1968 (tota)
1106 1887 1287 1968 utrobique,
1304 1887 1379 1970 qnia
1397 1889 1498 1952 minor

347 2015 380 2061 se
410 2013 567 2077 nusquam
596 1993 714 2076 poterit
745 2011 827 2057 esse.
861 1993 1019 2076 quomodo
1054 2011 1128 2076 ergo
1160 1992 1336 2057 discernere
1369 1993 1499 2059 audebit

346 2101 562 2186 Hermogenes
578 2105 673 2182 atque
687 2099 734 2162 ita
753 2099 898 2164 subicere
914 2099 971 2162 deo
987 2100 1165 2176 materiam,
1185 2103 1345 2164 aeternam
1359 2104 1497 2179 aeterno,
1514 2129 1536 2167 rs

346 2210 485 2272 innatam
512 2207 631 2284 innato,
661 2206 834 2271 auctricem
863 2205 995 2283 auctori,
1025 2205 1129 2270 dicere
1158 2205 1341 2270 habentem:
1372 2212 1417 2272 ‘et
1440 2225 1497 2292 ego

345 2315 456 2396 prima,
482 2317 514 2377 et
537 2333 595 2398 ego
620 2317 691 2376 ante
716 2313 832 2390 omnia,
856 2319 890 2376 et
909 2331 966 2396 ego
987 2332 1005 2375 a
1024 2331 1087 2394 qua
1110 2314 1229 2389 omnia;
1255 2332 1346 2395 pares
1365 2315 1498 2405 fuimus,

347 2421 442 2486 simul
464 2423 596 2493 luimus.
621 2420 714 2485 ambo
740 2419 806 2484 sine
831 2420 934 2497 initio,
960 2420 1027 2484 sine
1051 2419 1123 2498 fine,
1147 2419 1239 2485 ambo
1265 2421 1333 2485 sine
1358 2425 1497 2498 auctore,

346 2528 413 2592 sine
442 2527 578 2592 domino.
609 2527 679 2608 quis
712 2545 763 2590 me
800 2526 858 2592 deo
892 2526 1011 2591 subicit
1044 2526 1272 2609 contemporali
1306 2532 1497 2592 coaetaneo?
1600 2582 1601 2599 2

347 2634 373 2698 si
403 2634 477 2716 quia
506 2633 583 2698 deus
613 2632 740 2710 dicitnr,
773 2631 874 2697 babeo
904 2639 936 2696 et
963 2651 1022 2716 ego
1055 2651 1163 2696 meum
1195 2651 1319 2698 nomen.
1353 2638 1411 2700 aut
1439 2654 1537 2719 egon

346 2759 416 2804 sum
441 2740 519 2804 deus
545 2744 600 2803 ant
627 2739 681 2801 ille
706 2739 848 2816 materia,
878 2739 950 2820 quia
975 2739 1067 2802 ambo
1097 2757 1207 2803 snmus
1231 2738 1316 2820 quod
1345 2741 1427 2805 alter
1449 2747 1499 2805 est

345 2850 522 2912 nostrum'?

393 2955 422 3017 8.
461 2952 582 3017 Putcns
620 2953 729 3034 itaque
767 2953 934 3016 materiam
968 2951 1025 3016 deo
1058 2971 1120 3016 non
1157 2969 1368 3035 comparasse.
1403 2973 1498 3036 quant

347 3059 471 3124 scilicet
491 3059 629 3124 subiciat
646 3059 705 3136 illi,
726 3060 837 3141 atquin
856 3058 953 3124 etiam
972 3059 1137 3142 praeponit
1155 3059 1243 3123 illam
1263 3059 1321 3125 deo
1347 3064 1381 3125 et
1403 3065 1498 3126 deum

344 3167 452 3248 potius
485 3166 604 3231 subicit
636 3167 796 3242 materiae,
831 3184 904 3230 cnm
939 3166 1011 3230 uult
1044 3185 1116 3230 eum
1150 3165 1189 3230 de
1221 3168 1354 3232 materia
1382 3173 1537 3234 cunctans

344 3273 469 3338 fecisse.
504 3274 531 3336 si
566 3273 648 3338 enim
686 3291 721 3338 ex
753 3273 809 3336 illa
839 3291 918 3338 usus
948 3277 997 3337 est
1025 3273 1062 3338 ad
1093 3291 1188 3356 opera
1216 3273 1339 3349 mundi,
1370 3276 1435 3338 iam
1464 3281 1497 3340 et

344 3381 476 3446 materia
495 3381 638 3462 superior
662 3381 833 3457 inuenitur,
855 3399 933 3463 quae
958 3379 1006 3443 illi
1026 3380 1148 3464 copiam
1169 3381 1318 3464 operandi
1343 3381 1497 3446 submini-

380 3607 395 3658 2
416 3611 443 3659 et
463 3623 513 3660 om.
529 3605 558 3658 F
628 3607 656 3658 et
674 3605 905 3659 materiae-talis
926 3610 969 3659 est
987 3621 1038 3658 om.
1053 3605 1085 3658 N
1137 3607 1153 3660 3
1174 3611 1202 3660 et
1221 3605 1326 3660 duobus
1344 3607 1449 3662 innatis
1468 3613 1498 3662 et

345 3694 511 3748 aeternisN
564 3695 582 3747 4
606 3695 720 3747 materia
739 3692 773 3755 F,
797 3695 929 3746 materiae
947 3692 1007 3745 ΡΝ
1057 3695 1073 3746 5
1097 3711 1147 3747 neo
1171 3693 1258 3747 subici
1276 3709 1327 3748 om.
1346 3693 1383 3762 F,
1408 3712 1496 3764 neque

345 3785 430 3838 subici
458 3785 487 3838 N
545 3784 576 3837 10
605 3785 740 3853 opinionis
768 3783 869 3851 europei
891 3783 938 3849 (cf.
962 3783 982 3835 Ι
999 3799 1029 3849 p.
1053 3787 1198 3848 176,16).·
1221 3783 1394 3852 opinionibus
1413 3783 1499 3837 PNF

347 3874 378 3926 13
398 3871 562 3936 aeternali,
582 3878 707 3926 aeternae
727 3871 813 3925 PNF
875 3871 963 3924 aderit
980 3871 1014 3935 P,
1034 3870 1141 3924 aderint
1158 3871 1194 3935 F,
1215 3871 1329 3925 aderunt
1343 3871 1376 3925 N
1435 3878 1496 3926 tota

346 3961 412 4017 add.
432 3963 497 4030 Erip
553 3961 585 4014 16
604 3963 749 4016 habentem
768 3961 803 4024 F,
824 3959 969 4014 audentem
988 3959 1143 4029 PMuulpo
1200 3961 1232 4014 18
1256 3960 1334 4014 ambo
1358 3962 1418 4016 sine
1441 3963 1496 4015 line

345 4051 374 4102 F
436 4053 469 4104 19
489 4051 546 4103 sine
570 4051 677 4104 dornino
701 4052 814 4119 scripsi:
838 4051 896 4102 aino
921 4052 971 4102 deo
991 4048 1077 4102 PNF
1145 4050 1336 4113 mePN,ille
1355 4049 1385 4104 F
1444 4051 1495 4104 deo

344 4139 364 4192 Ι
364 4156 416 4192 nro:
436 4138 500 4192 dens
512 4137 598 4192 PNF
609 4139 738 4193 Oeblerus
792 4140 826 4192 23
845 4138 946 4192 uerba.-
965 4143 1063 4207 putans
1078 4141 1170 4205 (putas
1184 4137 1281 4204 PNF)
1299 4139 1495 4209 itaque-snb·

343 4229 409 4284 iciat
433 4227 482 4292 1111,
506 4245 578 4298 quoe
600 4231 630 4281 in
654 4229 732 4282 libris
755 4244 816 4282 arse.
838 4229 869 4281 in
881 4226 942 4295 fiae
964 4228 1066 4294 capitis
1089 4228 1274 4282 antecedentia
1296 4227 1431 4297 mouetur,
1449 4229 1496 4283 bie

344 4319 449 4372 inomni
521 4333 675 4386 comparare
695 4335 722 4370 se
742 4317 806 4386 Eny
861 4319 895 4373 '25
915 4330 1011 4371 cuncta
1029 4332 1080 4370 om.
1099 4315 1130 4370 F
