3250 4959
426 366 486 422 VII.
504 365 887 462 Aduersushinreionem
905 369 953 425 lib.
973 370 987 424 1
1005 370 1120 426 25-26.
1282 373 1346 437 327

198 561 350 644 prohibet
379 561 505 626 admitti
533 563 619 646 quod
652 581 713 627 non
746 563 887 628 defendit
919 563 1106 644 admissum,
1140 584 1210 630 eum
1244 566 1348 632 multo

198 668 321 733 reotius
348 687 410 732 non
432 669 648 751 prohibuisset
675 670 760 754 quod
784 670 971 735 defensurus
999 691 1059 735 non
1085 675 1171 736 esset
1194 692 1289 755 quem
1313 678 1350 738 ut

198 795 264 840 non
283 775 464 841 defenderet
481 777 566 859 quod
584 776 822 860 prohibuisset?
845 777 943 841 immo
968 780 1000 841 et
1018 778 1203 860 permisisse
1228 779 1349 844 directo

199 881 323 957 debuit,
356 882 424 947 sine
452 901 548 947 eeuse
573 883 803 965 prohibiturus,
836 887 873 948 ut
900 903 961 947 non
986 883 1184 951 defensurus.
1222 905 1294 950 nem
1318 891 1350 950 et

162 1008 284 1053 sunno
311 989 409 1054 meite
435 991 627 1072 permissum
656 993 707 1056 est
734 990 819 1073 qnod
847 991 915 1056 sine
939 990 1062 1056 ultione
1085 991 1280 1073 prohibetur.
1318 997 1350 1055 et

199 1097 315 1178 utique
335 1114 397 1161 non
415 1097 503 1161 eliud
525 1098 673 1179 prohibet
695 1097 822 1162 admitti
847 1117 942 1179 quem
967 1098 1051 1179 qnod
1078 1117 1139 1164 non
1164 1103 1249 1162 emat
1271 1098 1348 1163 fieri.

198 1203 444 1284 stupidissimus
473 1224 548 1288 ergo
577 1205 632 1286 qui
660 1223 720 1268 non
750 1204 921 1269 offenditur
948 1205 1031 1269 seete
1060 1205 1145 1286 quod
1175 1225 1236 1270 non
1265 1210 1351 1270 amet

197 1310 278 1390 fieri,
311 1310 435 1392 qnendo
464 1311 582 1375 offense
610 1330 716 1376 eomes
745 1311 789 1374 sit
818 1311 988 1375 frustratae
1017 1311 1202 1376 uoluntatis.
1240 1315 1295 1375 sut
1323 1313 1350 1376 si

199 1415 383 1496 offenditur,
415 1415 509 1481 debet
536 1416 645 1493 irasei;
683 1417 710 1482 si
737 1417 896 1492 irascitur,
931 1418 1025 1482 debet
1052 1418 1175 1482 ulcisci.
1216 1438 1289 1482 narn
1319 1423 1351 1482 et

149 1544 177 1581 lo
198 1523 283 1588 ultio
307 1523 430 1587 frrretus
453 1527 503 1588 est
525 1524 590 1587 iree
619 1528 652 1588 et
681 1524 727 1587 ira
756 1523 899 1587 debitum
930 1523 1065 1589 offensae
1096 1529 1128 1588 et
1156 1524 1285 1602 offense,
1313 1529 1351 1589 ut

200 1629 276 1706 dixi,
309 1647 415 1695 eomes
447 1631 617 1695 frustratae
646 1631 834 1695 uoluntatis.
877 1631 1022 1694 sednon
1051 1631 1231 1706 uleiseitur;
1275 1650 1349 1716 ergo

198 1755 257 1802 neo
290 1737 470 1804 offenditur.
497 1739 525 1802 si
553 1757 615 1802 non
645 1737 823 1814 offenditur,
853 1757 927 1822 ergo
957 1756 1014 1802 nee
1036 1737 1173 1801 laeditur
1200 1738 1350 1803 uoluntas

198 1845 282 1919 eius,
306 1863 379 1908 eum
401 1843 439 1907 fit
461 1844 547 1927 quod
569 1843 672 1908 noluit
695 1844 777 1922 fieri;
801 1848 834 1908 et
857 1844 894 1907 fit
916 1844 980 1908 iem
1004 1843 1155 1908 delictum
1176 1844 1350 1910 seeundum

197 1952 400 2016 uoluntatem
424 1951 503 2028 eius,
527 1950 686 2032 quianon
709 1949 747 2012 fit
770 1949 925 2014 aduersus
953 1950 1152 2015 uoluntatem
1176 1951 1262 2032 quod
1289 1970 1348 2016 non

148 2058 300 2123 relaedit
321 2058 532 2122 uoluntatem.
556 2061 613 2120 eut
636 2058 664 2122 si
686 2057 748 2121 hoe
772 2056 832 2120 erit
856 2057 981 2120 diuinae
1005 2058 1136 2124 uirtutis
1165 2058 1234 2122 siue
1262 2059 1351 2122 boni-

197 2166 288 2242 tatis,
313 2164 396 2229 nolle
419 2164 547 2246 quidem
570 2164 640 2228 fieri
663 2168 696 2228 et
718 2163 884 2246 probibere
908 2165 986 2243 fieri,
1009 2183 1069 2228 non
1090 2165 1211 2229 moueri
1234 2169 1349 2238 temen,

199 2275 228 2338 si
262 2271 328 2349 fiet,
369 2270 507 2336 dicimus
542 2271 606 2334 iem
643 2274 768 2334 motum
806 2290 876 2336 esse
918 2271 1021 2346 illum,
1046 2265 1053 2356 Ι
1079 2271 1130 2352 qui
1168 2271 1281 2348 noluit,
1319 2275 1393 2339 eto

199 2399 281 2444 nane
317 2398 377 2445 non
406 2378 527 2442 moneri
565 2378 604 2441 ed
639 2377 761 2442 festum
795 2377 850 2460 qui
882 2381 989 2442 motus
1023 2377 1066 2442 sit
1102 2378 1142 2442 ed
1178 2397 1238 2442 non
1276 2379 1351 2442 feei-

199 2487 326 2550 endum.
347 2482 355 2572 Ι
375 2485 500 2567 quando
532 2485 636 2549 noluit
667 2484 749 2558 fieri;
778 2485 913 2550 nolendo
948 2485 1031 2548 enim
1062 2484 1235 2566 prohibuit.
1258 2480 1266 2572 Ι
1290 2489 1393 2554 nonO

149 2611 180 2650 ²⁰
199 2598 308 2658 autem
336 2597 369 2656 et
394 2592 551 2656 iudicauit
577 2592 712 2656 nolendo
739 2592 807 2655 fieri
836 2595 869 2655 et
899 2591 1015 2655 ideireo
1045 2591 1261 2674 prohibendo?
1289 2610 1349 2657 non

198 2699 380 2764 iaciendum
422 2699 503 2763 enim
541 2698 699 2762 iudicauit
730 2701 763 2762 et
794 2697 991 2779 prohibendo
1023 2697 1247 2780 pronuntiauit.
1276 2717 1350 2781 ergo

202 2815 235 2871 et
261 2806 316 2869 ille
343 2805 407 2869 iam
438 2804 569 2871 iudieet.
603 2805 630 2868 si
662 2804 829 2887 indignum
860 2809 910 2868 est
937 2805 1030 2868 deum
1059 2805 1208 2882 indicere,
1239 2807 1295 2868 eut
1322 2810 1349 2872 si

200 2919 331 2979 eatenus
359 2913 491 2995 dignum
515 2916 565 2975 est
587 2912 682 2975 deum
705 2910 855 2988 iudicare,
885 2931 948 2994 que
969 2911 1188 2976 tantummodo
1216 2913 1296 2976 nolit
1319 2916 1351 2978 et

198 3019 375 3104 probibeat,
398 3038 459 3083 non
480 3018 576 3106 etiem
595 3017 743 3081 defendat
765 3017 952 3094 admissum,
976 3019 1085 3100 atquin
1104 3017 1183 3082 nihil
1203 3019 1260 3083 deo
1284 3023 1349 3083 tem

150 3142 181 3183 2⁵
200 3127 366 3210 indignum
389 3145 484 3208 quum
507 3143 568 3188 non
593 3124 704 3204 exequi
729 3123 813 3206 quod
837 3126 941 3189 noluit
964 3129 995 3189 et
1022 3126 1186 3206 probibuit
1209 3125 1348 3190 admitti:

200 3234 313 3316 primo,
337 3233 422 3316 quod
445 3232 658 3313 qualicunque
686 3231 860 3296 sententiae
889 3251 964 3295 suae
989 3235 1021 3295 et
1048 3233 1111 3315 legi
1140 3231 1254 3297 debeat
1281 3233 1349 3296 uin-

201 3341 319 3404 dietem
347 3338 380 3402 in
417 3339 638 3402 auctoritatem
676 3345 708 3400 et
744 3338 889 3420 obsequii
931 3339 1164 3414 nenessitatem,
1204 3340 1350 3416 seeundo,

201 3447 276 3527 quia
299 3446 406 3528 (boni)
429 3446 590 3509 aemulum
618 3445 662 3508 sit
689 3463 817 3508 neeesse
843 3445 1001 3526 estquod
1028 3445 1131 3508 noluit
1159 3445 1285 3508 admitti
1319 3450 1350 3510 et

237 3736 254 3787 4
274 3741 304 3787 ut
321 3750 376 3787 non
390 3733 433 3799 M,
452 3749 505 3786 nen
525 3736 556 3786 ut
570 3733 597 3786 ld
647 3736 663 3787 6
678 3751 731 3786 non
752 3733 811 3796 (alr.
829 3733 898 3798 loco)
919 3750 970 3786 onir.
986 3733 1015 3786 F
1063 3735 1077 3785 7
1093 3697 1301 3800 stupidissimus
1317 3735 1350 3786 M

202 3829 284 3884 (serr.
302 3839 337 3876 m.
357 3825 383 3886 1)
440 3823 473 3874 12
492 3823 515 3874 si
532 3823 645 3888 eeripei:
663 3821 710 3874 sed
728 3821 792 3876 MR
848 3823 881 3874 13
901 3822 989 3874 noluit
1007 3822 1066 3874 fieri
1084 3821 1125 3888 M,
1146 3822 1202 3876 deri
1220 3823 1310 3876 noluit
1324 3825 1350 3878 R

203 3915 237 3966 16
255 3928 325 3965 non·
337 3911 441 3964 moueri
458 3909 495 3963 M
567 3912 599 3963 17
619 3911 665 3980 qni
683 3909 963 3964 noluit-feeiendnm
983 3935 1015 3954 =
1036 3911 1143 3978 quando
1163 3911 1350 3981 noluit-pro-

201 4001 301 4055 hibuit
323 4000 472 4054 seeundum
494 4001 675 4053 recensionem
697 4017 757 4052 eam
780 4015 836 4052 esse
853 4005 933 4066 preto.
957 4017 1040 4068 quam
1057 4000 1140 4068 piene
1163 4006 1261 4056 auctor
1283 4001 1350 4055 sei-

198 4089 295 4160 peere't.
349 4089 384 4142 20
399 4087 613 4156 antemeeripse':
631 4089 702 4141 enim
716 4087 778 4141 MR
834 4087 1349 4158 21prohibendosuspeepmhioen-

202 4179 265 4232 durn
280 4177 344 4233 MR
391 4179 426 4231 24
445 4177 599 4241 admissum,
619 4178 713 4244 atquin
732 4178 854 4230 eander
877 4177 963 4232 Vliet.-
982 4177 1138 4231 admissum.
1157 4179 1253 4247 atquin
1267 4181 1350 4247 uulrJo

202 4268 237 4320 28
255 4266 321 4320 boni
341 4265 441 4319 addidi
