3250 4959
294 404 358 467 376
525 400 643 466 Quinti
663 399 804 468 Septimi
823 398 994 453 Florentia
1013 399 1220 453 Tertulliani

295 593 383 665 toris,
417 596 483 657 tam
513 592 587 657 boni
616 613 710 675 quam
739 596 771 657 et
798 593 914 658 iudicis
944 594 1118 658 seeundum
1148 593 1319 675 utriusque
1347 594 1462 675 partis

295 700 440 781 exempla
461 701 668 784 congruentia
691 699 759 777 deo,
784 704 821 764 ut
841 700 1049 764 ostendimus.
1075 700 1189 781 quodsi
1207 704 1345 782 utraque
1365 719 1459 782 pars,

294 805 446 871 bonitatis
471 810 565 888 atque
590 806 743 885 iustitiae,
769 806 898 889 dignam
922 806 1152 888 plenitudinem
1177 806 1358 870 diuinitatis
1387 806 1458 868 eiti-

296 914 385 977 ciunt
417 915 522 977 omnia
554 914 704 995 potentis,
739 912 926 996 compendio
958 913 1084 977 interim
1112 931 1245 996 possum
1278 914 1457 977 antithesis

295 1019 462 1095 retudisse,
497 1021 732 1103 gestientes-er
762 1019 970 1101 qualitatibus
1002 1020 1201 1103 ingeniorum
1235 1020 1304 1083 siue
1336 1021 1455 1101 legum
1486 1041 1498 1078 s

297 1127 365 1190 siue
384 1127 542 1191 uirtutum
563 1128 740 1191 discernere
760 1130 854 1208 atque
873 1128 918 1191 ita
937 1127 1072 1190 alienare
1089 1125 1251 1191 Christum
1266 1146 1285 1191 a
1299 1130 1455 1196 creatore,

296 1236 333 1295 ut
357 1234 513 1315 optimum
539 1254 557 1297 a
580 1233 684 1298 iudice
715 1237 746 1296 et
769 1234 880 1297 mitem
914 1253 932 1297 a
964 1234 1029 1297 fero
1059 1238 1092 1297 et
1120 1234 1292 1297 salutarem
1319 1232 1359 1295 ab
1390 1232 1455 1296 exi·

296 1339 389 1403 tioso.
422 1339 525 1422 magis
555 1340 635 1404 euim
662 1358 715 1404 eos
741 1341 946 1424 coniungunt,
976 1359 1056 1423 quos
1079 1340 1110 1403 in
1135 1341 1181 1405 eis
1206 1339 1453 1404 diuersitatibus

297 1450 427 1527 ponunt,
455 1465 534 1528 quae
554 1447 611 1511 deo
632 1452 821 1530 congruunt.
848 1447 937 1511 aufer
954 1447 1086 1511 titulum
1104 1447 1275 1511 Marcionis
1296 1451 1328 1510 et
1350 1446 1453 1510 inteu-

297 1552 416 1616 tionem
437 1556 532 1634 atque
552 1554 751 1636 propositam
773 1553 876 1636 operis
896 1553 1009 1634 ipsius,
1035 1556 1066 1616 et
1085 1552 1164 1615 nihil
1183 1553 1270 1617 aliud
1288 1558 1452 1636 praestare
1471 1572 1495 1613 ιιι

299 1676 320 1720 a
360 1676 454 1739 quam
492 1658 793 1724 demonstrationem
832 1659 974 1723 eiusdem
1012 1659 1074 1737 dei,
1112 1658 1225 1741 optimi
1258 1664 1291 1723 et
1322 1659 1451 1732 iudicis,

299 1764 372 1845 quia
404 1765 481 1829 haec
515 1764 575 1829 duo
608 1766 640 1829 in
674 1766 779 1829 solum
813 1766 908 1829 deum
941 1769 1134 1847 competunt.
1171 1784 1245 1828 nam
1278 1770 1310 1829 et
1341 1766 1451 1848 ipsum

299 1870 441 1933 studium
469 1871 500 1934 in
525 1872 570 1936 eis
596 1872 747 1953 exemplis
772 1871 950 1953 opponendi
975 1871 1136 1935 Christum
1162 1872 1296 1936 creatori
1319 1871 1360 1935 ad
1382 1874 1450 1935 uni-

299 1979 396 2040 tatem
421 1978 524 2061 magis
553 1984 688 2060 spectat.
718 1978 795 2042 adeo
827 1978 909 2041 enim
934 1979 1004 2060 ipsa
1029 1982 1060 2041 et
1083 1996 1146 2041 una
1175 1981 1243 2041 erat
1270 1979 1450 2043 substantia

300 2083 489 2163 diuinitatis
513 2085 594 2149 bona
614 2089 645 2148 et
664 2104 784 2161 seuera,
810 2088 846 2148 ut
865 2083 985 2148 eisdem
1004 2084 1156 2166 exemplis
1177 2088 1209 2148 et
1231 2084 1262 2148 in
1287 2085 1448 2149 similibus
1467 2104 1491 2144 rs

301 2192 495 2273 argumentis
525 2195 556 2256 et
584 2192 757 2256 bonitatem
787 2210 877 2255 suam
902 2190 1041 2255 uoluerit
1064 2191 1241 2268 ostendere,
1270 2192 1303 2255 in
1332 2193 1447 2275 quibus

301 2298 505 2380 praemiserat
524 2299 738 2377 seueritatem,
758 2299 832 2380 quia
851 2316 908 2361 neo
925 2298 1038 2361 mirum
1059 2298 1119 2361 erit
1137 2297 1308 2363 diuersitas
1327 2304 1449 2381 tempo-

299 2403 385 2479 ralis,
419 2405 447 2467 si
478 2408 590 2485 postea
622 2405 699 2469 deus
732 2405 840 2468 mitior
872 2424 926 2486 pro
960 2404 1054 2468 rebus
1088 2404 1245 2482 edomitis,
1279 2405 1334 2487 qui
1366 2408 1448 2469 retro

302 2511 457 2575 austerior
472 2530 526 2593 pro
542 2512 716 2575 indomitis.
741 2512 787 2575 ita
800 2530 857 2592 per
872 2511 1040 2575 antithesis
1055 2511 1182 2575 facilius
1199 2511 1325 2575 ostendi
1344 2516 1451 2593 potest

302 2616 377 2679 ordo
410 2618 559 2681 creatoris
593 2638 611 2681 a
644 2606 769 2682 Christo
804 2618 994 2681 reformatus
1032 2636 1126 2698 quam
1164 2636 1382 2698 repercussus,
1419 2623 1488 2680 ets

301 2723 445 2789 redditus
470 2725 576 2807 potius
601 2744 694 2806 quarn
719 2726 877 2800 exclusus,
905 2724 1091 2807 praesertim
1110 2725 1216 2806 (cum)
1240 2724 1335 2788 deum
1358 2726 1449 2788 tuum

304 2831 341 2894 ab
372 2832 455 2895 omni
485 2835 573 2894 motu
603 2831 755 2895 amariore
784 2850 939 2904 secernas,
971 2832 1083 2912 utique
1112 2835 1144 2893 et
1172 2831 1210 2894 ab
1239 2831 1450 2895 aemulatione

304 2938 453 3002 creatoris
488 2938 619 3002 scilicet.
653 2958 724 3002 uam
759 2938 786 3001 si
818 2939 864 3001 ita
897 2943 955 3012 est,
991 2938 1147 3020 quomodo
1181 2958 1253 3001 oum
1282 2938 1450 3001 antithesis

304 3044 447 3128 singulas
472 3046 595 3127 species
619 3046 768 3108 creatoris
793 3045 988 3107 aemulatum
1017 3044 1254 3108 demonstrant?
1282 3063 1450 3127 agnoscam

303 3152 402 3234 igitur
431 3154 462 3214 et
485 3152 517 3214 in
542 3151 601 3215 hoc
626 3171 681 3234 per
703 3152 775 3215 illas
805 3151 900 3215 deum
924 3171 1030 3216 meum
1055 3152 1186 3232 zeloten,
1216 3152 1270 3233 qui
1297 3170 1348 3215 res
1377 3170 1450 3215 saras
1465 3172 1489 3213 a

304 3257 497 3322 arbustiores
513 3258 543 3321 in
559 3257 740 3341 primordiis
756 3258 846 3335 hona,
865 3262 902 3321 ut
915 3258 1072 3334 rationali,
1092 3258 1304 3323 aemulatione
1322 3258 1450 3321 maturi-

303 3366 362 3428 tati
382 3365 615 3447 praseurauerit
635 3382 692 3427 suo
712 3364 789 3441 iure,
810 3365 900 3428 ouius
920 3364 1089 3428 antithesis
1114 3364 1209 3428 etiam
1227 3365 1296 3447 ipse
1315 3365 1450 3429 mundus

305 3471 374 3534 eius
395 3475 555 3554 agnoscet,
580 3490 615 3534 ex
636 3471 913 3535 contrarietatibus
938 3470 1175 3547 elementorum,
1200 3490 1324 3534 summa
1346 3475 1450 3535 tamen

341 3772 357 3821 6
378 3788 393 3823 a
412 3786 463 3823 ora.
483 3770 519 3820 J!
609 3768 641 3821 10
666 3772 802 3837 praestare
822 3767 904 3829 MR&
928 3772 1051 3835 praestat
1073 3767 1121 3824 12³.
1145 3771 1297 3836 praestaret
1324 3768 1450 3821 oehlerus

309 3860 337 3911 ll
356 3861 484 3912 lactariam
497 3858 624 3926 siprroai:
637 3856 774 3910 uidebitur
787 3857 847 3910 siue
861 3857 993 3909 relucebit
1002 3856 1173 3910 iramrcidisse
1183 3856 1293 3910 reicietur
1331 3858 1365 3909 13
1375 3856 1402 3909 in
1412 3858 1449 3909 eis

306 3948 348 4015 all,
376 3948 442 4000 meis
465 3946 493 4001 a
563 3946 594 3999 la
619 3945 772 3997 diuinitatis
795 3945 909 4011 sospes:
932 3944 1122 3997 diuinitatibus
1146 3944 1207 3997 MR
1296 3950 1328 3997 ut
1351 3945 1448 3997 eisdem

305 4036 417 4103 scripsi:
441 4040 469 4087 ct
493 4033 592 4086 eisdem
617 4032 678 4087 MR
749 4034 780 4083 ro
805 4038 833 4085 et
856 4032 1008 4085 bonitatem
1030 4033 1139 4099 scripsi:
1164 4041 1195 4085 ut
1217 4033 1369 4086 bonitatem
1391 4032 1450 4086 nih

309 4126 340 4178 17
362 4126 413 4177 erit
431 4124 473 4181 Μ.
494 4128 551 4177 erat
570 4123 597 4175 h'
608 4123 689 4189 aalys
758 4123 792 4173 ‘le
812 4138 892 4189 quarn
911 4137 1083 4188 repercussus
1103 4120 1272 4188 Leopoldus:
1291 4138 1344 4189 quo
1363 4138 1449 4190 reper-

308 4230 401 4265 cussus
415 4212 478 4264 ΜΗ
524 4212 556 4263 21
578 4228 637 4263 curn
652 4209 762 4262 creddidit
778 4209 933 4276 leopoldus
978 4209 1012 4261 ¹23
1028 4208 1161 4277 quomodo
1176 4208 1258 4275 affl,
1273 4212 1400 4278 quoniam
1414 4208 1451 4262 Rs

308 4304 342 4355 eo
362 4302 516 4355 rnaturitati
534 4301 645 4368 scripsi:
666 4300 834 4352 maturitatis
853 4298 915 4352 alh
