3250 4959
326 412 390 478 400
558 406 675 473 Quinti
695 406 836 477 Septimi
855 407 1024 461 Florentia
1043 408 1248 462 Tertulliani

325 622 545 686 prosperare
570 606 607 667 et
624 620 753 686 regna:
777 602 947 667 extendens
966 622 1142 668 sermonem
1160 604 1192 668 in
1212 624 1338 669 omnem
1359 609 1473 669 terram

326 711 365 775 ad
389 711 608 775 uniuersarum
638 710 782 793 gentium
810 709 1021 787 uocationem,
1050 715 1294 794 prosperaturus
1322 732 1474 777 antecessu

326 818 410 885 fidei.
435 838 497 899 qua
520 820 569 882 est
591 821 748 899 receptus,
774 821 806 881 et
828 837 962 901 regnans
986 818 1105 894 exinde,
1129 836 1192 899 qua
1213 823 1351 883 mortem
1375 840 1474 884 resur·

326 926 466 990 rectione
495 924 623 989 decicit.
657 927 694 988 et
726 922 889 987 deducet
910 928 957 996 te,
989 924 1102 1005 inquit.
1129 924 1295 991 mirifice
1324 926 1475 991 dextera

326 1040 401 1113 tna,
425 1032 528 1096 uirtus
553 1030 676 1095 scilicet
696 1030 815 1113 gratiae
835 1030 996 1112 spiritalis,
1019 1050 1081 1113 qua
1100 1030 1219 1095 Christi
1237 1033 1360 1115 agnitio
1381 1033 1476 1097 dedu·
1501 1055 1514 1091 a
1610 1069 1611 1072 =

328 1142 418 1205 citur.
451 1138 619 1221 sagittae
647 1139 733 1200 tuae
762 1140 906 1211 acutae,
938 1136 1136 1217 pemolantia
1162 1138 1281 1219 ubique
1309 1146 1477 1222 praecepta

328 1250 360 1311 et
382 1246 485 1309 minae
509 1248 541 1308 et
563 1242 778 1307 traductiones
797 1242 912 1315 cordis,
936 1247 1184 1328 compungentes
1203 1248 1236 1309 et
1252 1246 1477 1329 transfigentes

328 1352 554 1419 conscientium
587 1370 756 1433 quamque.
789 1349 919 1433 populi
952 1350 1020 1414 sub
1053 1354 1089 1413 te
1121 1351 1332 1427 concident,
1367 1354 1476 1434 utique

328 1461 503 1524 adorantes.
529 1458 575 1522 sic
598 1456 789 1538 bellipotens
813 1460 846 1521 et
869 1457 1004 1540 armiger
1022 1456 1169 1523 Christus
1193 1458 1356 1535 creatoris,
1382 1459 1431 1522 sic
1449 1466 1478 1523 et

328 1586 411 1631 nunc
434 1564 592 1647 accipiens
617 1563 729 1645 spolia.
753 1582 814 1627 non
837 1563 937 1627 solius
959 1562 1117 1627 Samariae
1141 1582 1253 1629 uemm
1277 1568 1310 1629 et
1333 1566 1475 1629 omniurn
1494 1586 1517 1625 ro
1612 1549 1613 1568 ¹

329 1672 482 1757 gentium.
511 1687 648 1754 agnosce
672 1674 704 1734 et
727 1670 831 1753 spolia
852 1670 997 1754 figurata,
1026 1670 1117 1735 cuius
1142 1674 1175 1735 et
1197 1690 1283 1735 arma
1306 1670 1479 1755 allegorica

329 1778 479 1845 didicisti.
502 1778 635 1861 figurata
658 1777 764 1859 itaque
790 1780 822 1841 et
845 1776 973 1840 domino
997 1776 1155 1841 eiusmodi
1176 1779 1326 1859 loquente
1351 1782 1386 1841 ot
1409 1798 1478 1861 apo·

329 1887 412 1950 stolo
445 1885 611 1963 scribente,
643 1902 703 1948 non
736 1886 855 1947 temere
892 1883 1204 1964 interpretationibus
1241 1883 1310 1947 eins
1348 1884 1479 1953 utimur.

330 2012 462 2075 quarum
477 1991 620 2073 exempla
634 1991 727 2054 etiarn
743 1989 916 2053 aduersarii
931 1988 1114 2065 admittunt,
1134 1993 1229 2071 atque
1242 1990 1289 2053 ita
1302 1990 1334 2053 iu
1354 1994 1478 2055 tanturn

329 2100 442 2164 Esaiae
467 2098 526 2161 erit
550 2098 695 2163 Christus
720 2096 774 2177 qui
798 2096 896 2163 uenit.
924 2095 955 2159 in
982 2100 1135 2178 quantum
1160 2096 1307 2161 nonfuit
1332 2096 1517 2162 bellatore

331 2207 488 2288 quianon
513 2203 587 2268 talis
612 2204 650 2267 ab
674 2204 768 2267 Esaia
791 2194 1001 2283 praedicatur.

377 2314 429 2376 15.
459 2310 505 2373 De
535 2309 720 2390 quaestione
748 2308 850 2372 carnis
879 2312 912 2371 et
938 2326 994 2389 per
1021 2326 1089 2371 earn
1120 2308 1298 2373 natiuitatis
1327 2310 1479 2373 etunius

331 2418 458 2481 interim
482 2415 615 2481 nominis
636 2413 876 2478 Emmanuhelis
894 2413 1070 2497 hucusque.
1089 2413 1128 2477 de
1147 2414 1260 2478 ceteris
1280 2433 1357 2479 uero
1382 2415 1479 2481 uomi-

331 2525 434 2603 nibus,
458 2526 491 2587 et
513 2522 657 2605 inprimis
686 2520 815 2596 Christi,
846 2520 921 2603 quid
944 2540 1016 2603 pars
1042 2521 1169 2585 diuersa
1198 2520 1427 2603 respondebit?
1453 2522 1480 2585 si

332 2630 459 2714 proinde
483 2647 649 2693 commune
674 2632 723 2693 est
745 2627 830 2709 apud
854 2646 912 2691 uos
932 2627 1050 2692 Christi
1074 2646 1186 2691 nomen
1210 2627 1478 2709 quemadmodum
1494 2654 1520 2691 n

334 2742 365 2801 et
394 2736 454 2811 dei,
487 2739 524 2799 ut
553 2736 599 2799 sic
627 2734 794 2815 utriusque
823 2733 871 2797 dei
900 2732 1002 2796 filium
1031 2733 1194 2798 Christum
1222 2738 1386 2815 competat
1408 2734 1482 2802 dici,

332 2844 417 2908 sicut
438 2847 607 2923 utrumqne
630 2844 752 2923 patrem
776 2841 881 2916 deum,
905 2844 990 2903 certa
1012 2840 1092 2904 ratio
1116 2840 1191 2903 huic
1214 2842 1480 2922 argumentationi

331 2950 549 3031 refragabitur.
574 2948 625 3012 dei
644 2948 727 3012 enim
746 2966 871 3012 nomen.
895 2946 986 3028 quasi
1004 2947 1148 3011 naturale
1167 2946 1356 3015 diuinitatis.
1376 2953 1482 3030 potest

332 3058 364 3119 in
394 3076 503 3119 omnes
532 3054 768 3129 communicari,
798 3054 914 3136 quibus
943 3053 1093 3118 diuinitas
1122 3052 1313 3129 uindicatur,
1342 3055 1428 3118 sient
1450 3060 1482 3119 ct

333 3161 438 3235 idolis,
472 3160 595 3224 dicente
625 3160 783 3242 apostolo:
817 3179 897 3223 nam
930 3163 967 3223 et
1000 3162 1090 3223 sunt
1121 3159 1184 3241 qui
1216 3159 1398 3224 dicuntur
1430 3160 1523 3225 diia

335 3269 417 3331 siue
445 3268 479 3331 in
511 3269 613 3331 caelo
642 3268 723 3331 sine
752 3267 787 3329 in
817 3268 941 3343 terris,
968 3266 1086 3331 Christi
1110 3284 1187 3330 uero
1210 3285 1335 3333 nomon.
1360 3286 1422 3331 non
1447 3288 1482 3331 er

334 3377 445 3438 natura
468 3374 597 3437 ueniens
622 3374 678 3437 sed
702 3393 737 3437 er
762 3373 981 3455 dispositione,
1008 3374 1170 3455 proprium
1194 3373 1263 3437 eius
1286 3372 1437 3450 efficitur,
1465 3395 1482 3437 a

335 3502 396 3563 qno
426 3480 616 3563 dispositum
646 3480 817 3555 inuenitur,
850 3498 906 3542 nec
932 3480 965 3542 in
995 3479 1311 3544 communicationem
1339 3480 1396 3543 alii
1424 3482 1481 3545 deo

424 3724 450 3791 l]
471 3724 515 3775 Ps.
536 3724 579 3789 44,
600 3724 624 3774 5.
680 3722 705 3789 6]
726 3722 769 3773 Ps.
790 3724 834 3785 44,
854 3724 879 3775 6.
934 3723 962 3790 a]
982 3722 1018 3775 ih.
1074 3720 1235 3789 estlear.
1255 3724 1280 3785 8,
1300 3726 1325 3775 5.

370 3867 387 3916 4
403 3863 518 3915 deducet
529 3863 555 3915 lt
567 3864 616 3918 (sic
631 3869 655 3915 cl
668 3862 697 3914 in
714 3862 773 3913 loco
786 3862 897 3929 (cartello
911 3862 969 3915 cod.
979 3862 1084 3918 Fumo.
1100 3860 1212 3914 deducit
1222 3862 1257 3913 M
1292 3862 1308 3913 6
1321 3862 1417 3931 utique
1429 3863 1484 3916 Lot

337 3956 351 4005 7
368 3954 456 4005 rninue
472 3956 499 4003 ct
513 3950 698 4003 traductiones
708 3950 779 4005 MR.
790 3952 923 4003 minantes
934 3950 1132 4003 traductionem
1144 3950 1216 4003 Pam
1232 3955 1276 4014 (cx
1290 3949 1349 4003 loco
1360 3951 1483 4019 pescallo,

336 4042 484 4110 palpatius
493 4042 558 4093 hinc
567 4038 714 4093 terruncius
725 4040 920 4106 orila'oidetor)
965 4040 1158 4107 transfigentes
1167 4037 1250 4093 MR2.
1260 4037 1485 4106 hanafigurantes

337 4130 376 4182 Iti
395 4141 494 4193 (errore
518 4128 688 4195 iypotlrctr'co,
712 4134 743 4179 nt
768 4129 887 4193 uitiatur)
943 4128 972 4180 11
998 4127 1147 4193 allegorica
1169 4124 1253 4194 Mla,
1276 4126 1422 4194 allegorice
1446 4128 1485 4181 ΕΙ

337 4220 369 4270 21
391 4221 428 4269 sic
446 4218 559 4284 scripsi:
578 4218 648 4269 sicut
667 4216 729 4269 MR
792 4218 826 4269 ‘22
846 4218 917 4269 sicut
934 4216 1045 4285 scripsi.-
1065 4217 1104 4268 sic
1121 4216 1184 4271 MR
1274 4214 1354 4268 deum
1372 4217 1485 4283 scripsi:

338 4306 474 4359 condono
494 4305 555 4358 ⁴lllt
633 4310 707 4357 certa
725 4304 806 4363 MR&
826 4311 898 4357 certe
917 4304 956 4358 12³
965 4305 1048 4369 culpo
1112 4304 1147 4356 28
1166 4303 1311 4357 inuenitur.
1330 4318 1380 4356 nec
1397 4304 1483 4373 rrulpo
