3250 4959
310 381 352 446 94
542 377 657 442 Quinti
678 376 819 445 Septimi
837 375 1010 430 Florentia
1029 375 1235 429 Tertulliani

309 573 414 654 morti,
438 572 499 656 <si>
522 591 581 637 nou
608 571 759 652 estillic,
788 571 844 636 ubi
872 581 922 636 est
950 575 982 636 et
1009 572 1088 653 ipsa,
1119 572 1170 636 cui
1198 591 1267 636 eam
1295 571 1455 654 opposuit,

310 680 521 744 excludendae
545 679 656 761 utique
680 678 718 742 do
743 696 882 761 corpore.
912 697 1002 761 porro
1027 680 1055 742 si
1078 679 1147 743 uita
1169 681 1304 743 mortem
1328 678 1366 742 de
1390 697 1457 742 cor·

309 805 384 869 pore
409 786 557 865 excludit,
587 805 648 850 non
673 787 780 868 potest
802 785 837 848 id
863 784 1012 867 perficere
1036 785 1098 850 nisi
1122 785 1200 850 illuc
1222 788 1375 868 penetret,
1404 784 1456 848 ubi

310 893 464 975 estquod
489 893 637 957 excludit.
661 891 792 974 etquid
818 910 876 975 ego
895 891 1058 969 nodosius,
1084 911 1156 956 oum
1181 892 1345 973 apostolus
1369 891 1457 955 abso-

310 1001 432 1066 lutius?
465 1000 496 1064 si
535 1000 640 1076 enim,
674 999 787 1080 inquit,
826 999 988 1081 spiritus
1021 999 1115 1077 eius,
1152 1000 1216 1081 qui
1247 997 1458 1063 suscitauit
1490 1019 1505 1058 s

310 1109 445 1184 Iesum,
469 1106 677 1170 habitatin
702 1106 824 1184 uobis,
849 1106 912 1188 qui
936 1106 1148 1170 suscitauit
1170 1106 1295 1170 Iesum
1323 1124 1341 1169 a
1368 1124 1457 1168 mor.

310 1214 388 1279 tuis
413 1213 622 1280 suscitabit
645 1216 681 1278 et
704 1213 883 1278 mortalia
907 1231 1063 1295 corpora
1081 1217 1210 1277 uestra
1232 1215 1387 1295 propter
1409 1211 1457 1274 in·

310 1321 543 1385 habitantem
565 1321 743 1403 spiritum
768 1320 850 1385 eius
870 1320 906 1383 in
927 1319 1050 1394 uobis;
1076 1322 1113 1383 ut
1132 1323 1164 1384 et
1183 1320 1210 1383 si
1229 1320 1368 1383 animam
1388 1317 1457 1399 quis

311 1446 426 1509 corpus
451 1429 583 1491 mortale
607 1427 866 1509 praesumpserit,
890 1445 963 1490 eum
982 1427 1042 1491 boc
1062 1431 1093 1490 et
1112 1445 1237 1490 carnem
1260 1445 1375 1508 negare
1398 1442 1458 1488 non

312 1533 424 1616 possit,
444 1533 546 1597 carnis
567 1551 692 1614 quoque
712 1533 988 1597 resuscitationem
1009 1535 1142 1616 cogatur
1160 1551 1329 1616 agnoscere
1349 1550 1458 1596 secun·
1475 1553 1503 1591 ιο

311 1639 386 1704 dum
403 1639 544 1704 eiusdem
560 1644 664 1703 status
680 1640 945 1704 communionem.
964 1639 1221 1720 exsequentibus
1236 1637 1457 1703 adbucdiscas

312 1764 406 1828 opera
425 1746 527 1810 carnis
552 1745 701 1822 damnari,
726 1765 786 1810 non
809 1747 929 1827 ipsum:
948 1746 1090 1828 itaque,
1114 1745 1262 1823 iratres,
1281 1746 1336 1817 uit,
1361 1744 1458 1809 debi-

312 1856 413 1916 tores
444 1871 571 1916 sumus
601 1871 670 1916 non
701 1853 801 1916 carni
831 1853 876 1916 ad
903 1853 1109 1916 uiuendum
1137 1851 1357 1935 <secundum
1386 1870 1458 1916 car·

312 1943 422 2041 nem>;
448 1959 480 2022 si
505 1958 709 2023 secundum
742 1978 887 2022 carnem
921 1959 1108 2036 dixeritis,
1131 1959 1302 2022 futurum
1327 1962 1395 2035 ost,
1418 1962 1460 2022 ut

312 2066 536 2140 moriamini,
571 2065 603 2128 si
631 2083 718 2130 uero
749 2066 888 2146 spiritu
918 2067 1041 2130 carnis
1070 2070 1178 2130 actus
1206 2065 1458 2130 mortificans·
1477 2086 1504 2125 rs

311 2173 410 2248 ritis,
444 2173 600 2238 uiuetis.
634 2191 736 2255 porro,
769 2176 806 2238 ut
838 2173 879 2236 ad
911 2172 1044 2256 singula,
1070 2191 1214 2255 quaeque
1241 2173 1458 2254 respondeam,

314 2279 395 2342 siin
421 2297 512 2342 carne
537 2279 732 2356 constitutis,
757 2280 932 2344 secundum
956 2279 1105 2362 spiritum
1129 2284 1235 2342 tamen
1259 2278 1460 2362 degentibus,

313 2385 399 2450 salus
424 2384 664 2466 repromittitur,
693 2385 756 2449 iam
781 2406 842 2451 non
867 2405 938 2451 caro
967 2385 1154 2450 aduersatur
1177 2387 1283 2462 saluti,
1307 2386 1364 2450 sed
1387 2405 1460 2470 ope-

312 2493 391 2556 ratio
417 2490 528 2554 cernis.
553 2491 735 2572 operatione
759 2495 866 2556 autem
890 2492 992 2556 carnis
1017 2493 1153 2571 exclusa,
1182 2511 1263 2574 quae
1291 2497 1460 2557 causaest

313 2599 434 2673 mortis,
464 2598 553 2661 salua
581 2596 643 2661 iam
674 2617 744 2662 cero
774 2599 963 2678 ostenditur,
992 2618 1089 2663 causa
1117 2619 1225 2664 carens
1253 2600 1373 2664 mortis.
1400 2600 1460 2662 lex
1477 2621 1505 2663 ro

313 2705 419 2771 enim.
443 2703 559 2785 inquit,
585 2703 746 2784 spiritus
771 2705 874 2769 uitae
898 2706 934 2769 in
954 2704 1105 2770 Christo
1129 2705 1217 2770 lesu
1240 2707 1461 2770 manumisit

312 2829 367 2874 me
392 2830 409 2873 a
433 2811 516 2892 lege
542 2809 826 2892 delinquentiae
851 2815 886 2876 et
909 2813 1053 2886 mortis,
1078 2815 1162 2876 certe
1182 2831 1275 2894 quam
1294 2812 1460 2896 praemisit

311 2916 454 2980 habitare
486 2917 517 2979 in
551 2918 701 2982 membris
735 2919 863 2982 uostris.
896 2938 970 3002 ergo
999 2919 1064 2982 iam
1091 2919 1234 2983 membra
1261 2924 1370 2984 nostra
1395 2919 1460 3002 legi

311 3023 423 3086 mortis
443 3042 503 3087 non
519 3023 720 3101 tenebuntur,
741 3026 816 3107 quia
834 3044 892 3088 uec
912 3025 1155 3107 delinquentiae,
1175 3046 1194 3089 a
1212 3027 1330 3108 quibus
1350 3045 1459 3089 menu-

313 3129 411 3193 missa
443 3131 526 3194 sunt.
561 3130 657 3212 quod
691 3133 785 3195 euim
820 3131 1029 3196 inualidum
1064 3136 1143 3196 erat
1175 3133 1284 3216 legis,
1317 3133 1352 3195 in
1386 3151 1502 3215 quoae

312 3235 580 3301 infirmabatur
598 3256 662 3318 per
681 3257 839 3314 caruem,
855 3239 970 3304 misso
991 3238 1082 3303 deus
1102 3239 1188 3303 filio
1207 3258 1273 3304 suo
1294 3239 1328 3303 in
1349 3239 1458 3303 simu-

312 3341 412 3406 lacro
438 3343 560 3406 carnis
585 3343 869 3424 delinquentiae
889 3348 926 3407 et
943 3363 1007 3425 per
1031 3343 1339 3426 delinquentiam,
1363 3345 1457 3408 dem·

400 3603 428 3672 5]
449 3603 524 3658 Rom.
545 3605 570 3664 8,
592 3605 632 3656 ll.
691 3605 734 3672 12]
755 3605 832 3658 Rom.
852 3607 877 3672 8,
899 3607 1012 3660 12-13.
1069 3608 1114 3676 20]
1136 3608 1211 3664 Rom.
1230 3607 1255 3674 8,
1275 3609 1300 3662 2.
1356 3610 1403 3678 23]
1423 3609 1456 3662 cl.

312 3691 388 3744 Rom.
410 3693 434 3758 7,
453 3692 497 3746 23.
551 3693 597 3761 25]
619 3691 694 3744 Rom.
714 3693 739 3755 8,
760 3693 782 3746 3.

350 3833 359 3882 l
383 3831 406 3883 si
426 3831 490 3884 add.
510 3831 538 3885 R
611 3849 664 3885 non
683 3849 733 3886 om.
753 3835 782 3887 F
834 3837 935 3890 3illuc
954 3837 1027 3890 Lat:
1044 3837 1112 3891 illud
1130 3838 1224 3891 PMF
1275 3840 1458 3894 demortuis

312 3919 408 3972 om.(}
461 3921 644 3974 isuscitabit
666 3921 762 3988 PMF,
787 3923 983 3978 uiuificebitO
1037 3925 1068 3978 13
1088 3926 1122 3978 ud
1145 3926 1291 3980 uiuendum
1310 3927 1407 3995 PMF,
1427 3932 1459 3980 ut

311 4009 434 4062 uiuamus
456 4009 507 4062 uu
579 4011 724 4064 secundum
745 4029 849 4066 carnem
866 4015 966 4067 addidi
1020 4017 1053 4068 15
1073 4017 1250 4069 ectuscamis
1272 4017 1323 4070 Gal
1378 4019 1411 4070 17
1428 4015 1456 4070 id

313 4097 456 4164 egentibus
483 4099 514 4152 F
573 4100 606 4153 21
631 4103 787 4154 manumisit
815 4105 843 4154 te
870 4103 941 4171 Borq
1000 4105 1033 4158 23
1061 4105 1116 4173 legi
1143 4106 1256 4172 scripsi:
1282 4105 1343 4173 lege
1371 4106 1462 4160 1)ΜίΙ

311 4186 346 4238 26
365 4186 394 4240 in
412 4186 556 4240 simulacro
575 4187 603 4240 in
628 4189 808 4242 similitudine
831 4189 862 4241 F
914 4191 947 4244 27
973 4209 1020 4260 per
1044 4192 1257 4261 delinquentiam
1280 4195 1316 4248 Μ
1337 4197 1365 4261 (a
1386 4211 1458 4266 ap

311 4291 345 4328 m.
361 4277 391 4336 2)
410 4275 469 4338 FC,
489 4293 537 4347 per
556 4293 661 4330 carnem
679 4279 707 4330 P
