3250 4959
363 384 423 439 VII.
443 384 611 440 Aduersus
629 385 828 441 Marcionem
846 386 895 441 lib.
914 386 942 443 11
960 387 1077 442 22-24.
1234 392 1298 455 367

132 600 199 661 pro
224 579 431 663 temporibus,
450 579 481 645 in
502 583 636 664 utroque
655 580 866 667 dispungetur
884 602 903 645 a
922 581 980 647 deo
996 587 1028 647 et
1042 583 1123 648 bo'no
1139 586 1171 648 et
1183 584 1298 661 indice,

133 687 198 768 qui
220 706 282 752 non
299 687 431 752 leuitate
450 690 505 751 ant
523 687 769 770 improuidentia
788 689 961 755 sententias
980 690 1078 753 uertit
1096 689 1152 755 sed
1166 709 1300 758 censura

134 792 338 878 grauissima
365 795 398 857 et
424 793 704 876 prouidentissima
731 794 845 859 merita
872 795 1024 878 temporis
1053 796 1209 878 cuiusque
1236 796 1298 861 dis·

133 904 269 983 pensat.
1273 972 1276 978 ,

98 1031 113 1069 s
186 1010 246 1071 24.
267 1006 319 1072 Sic
338 1010 371 1072 et
388 1008 614 1090 paenitentiam
632 1007 717 1090 apud
736 1008 827 1073 illum
846 1028 944 1092 praue
958 1009 1185 1091 interpretaris,
1205 1010 1297 1093 quasi

132 1114 277 1198 proinde
308 1114 487 1179 mobilitate
519 1115 571 1179 uel
603 1114 858 1197 improuidentia,
892 1116 989 1181 immo
1022 1118 1085 1182 iam
1117 1136 1154 1182 er
1188 1118 1297 1183 delicti

133 1220 361 1287 recordatione
388 1222 556 1305 paeniteat,
594 1223 742 1304 quoniam
776 1223 904 1305 quidem
937 1223 1065 1289 duent:
1093 1225 1295 1308 paenituit,

135 1327 245 1410 quod
263 1346 386 1413 regem
405 1328 558 1393 fecerim
579 1328 678 1405 Saul,
696 1329 914 1412 praescribens
934 1330 1058 1395 scilicet
1072 1331 1297 1413 paenitentiam

135 1434 378 1501 confessionem
409 1452 518 1518 sapere
551 1432 627 1499 mali
660 1435 763 1517 operis
796 1436 933 1502 alicuius
964 1438 1017 1501 uel
1034 1433 1173 1517 erroris.
1202 1456 1295 1521 porro

87 1562 115 1601 ιο
135 1560 204 1607 non
231 1560 363 1625 sempor.
388 1540 495 1607 euenit
518 1541 598 1605 enim
619 1542 682 1625 (et)
700 1542 731 1605 in
752 1542 843 1607 bonis
867 1544 961 1609 factis
986 1545 1198 1627 paenitentiae
1222 1563 1294 1609 coo-

134 1648 254 1726 fessio,
268 1649 306 1713 ad
321 1647 474 1714 inuidiam
491 1652 523 1713 et
538 1649 808 1731 exprobrationem
824 1650 905 1722 eius.
921 1650 975 1732 qui
989 1651 1135 1716 beneficii
1148 1652 1294 1735 ingratus

136 1756 294 1821 extiterit
324 1756 409 1821 sieut
437 1759 469 1820 et
496 1757 573 1819 tunc
602 1756 685 1820 cirea
708 1775 874 1837 personam
899 1756 1005 1823 Saulis
1029 1757 1217 1823 onerandam
1240 1758 1293 1823 ad-

137 1862 309 1927 nuntiatur
327 1882 346 1925 a
364 1865 513 1935 creatore,
538 1861 592 1943 qui
611 1880 670 1924 noo
697 1860 882 1943 deliquerat,
905 1881 978 1927 cnm
1001 1863 1129 1929 Saulem
1154 1864 1295 1929 adsumit

135 1971 171 2035 in
208 1988 341 2053 regnum
375 1971 408 2031 et
440 1969 549 2031 sancto
583 1967 696 2048 spiritu
730 1971 840 2050 auget;
874 1968 1031 2050 optimum
1069 1969 1152 2033 enim
1189 1968 1292 2035 adhue

93 2094 118 2133 1⁵
137 2113 187 2123 -
202 2075 340 2158 qualis,
356 2074 469 2155 inquit,
489 2093 557 2139 non
579 2077 659 2137 erat
677 2074 711 2138 in
732 2073 831 2138 filiis
849 2074 1030 2139 israhelis
1046 2075 1292 2159 -dignissime

137 2182 314 2266 adlegerat.
345 2180 400 2246 sed
429 2198 486 2244 nee
515 2180 717 2263 ignorauerat
738 2180 785 2244 ita
809 2184 1008 2245 euenturum.
1037 2200 1129 2245 nemo
1154 2182 1236 2246 enim
1259 2188 1293 2247 te

137 2288 316 2357 sustinebit
342 2287 619 2370 improuideutiam
648 2287 878 2352 adscribentem
908 2288 965 2355 deo
999 2289 1038 2365 ei,
1071 2307 1165 2371 quem
1196 2288 1291 2354 deum

138 2416 204 2461 non
237 2413 355 2478 negans
388 2392 545 2458 confiteris
579 2396 611 2457 et
642 2394 822 2474 prouidum.
860 2395 938 2459 haee
970 2396 1053 2459 enim
1086 2395 1135 2459 illi
1166 2396 1293 2479 propria

138 2501 294 2567 diuinitas
319 2504 453 2565 constet.
478 2500 534 2565 sed
557 2501 677 2564 malum
701 2500 822 2564 iactum
846 2499 962 2576 Saulis,
987 2506 1023 2565 ut
1047 2501 1119 2577 diri,
1144 2502 1293 2577 onerabat

91 2628 118 2669 co
136 2607 353 2690 paenitentiae
391 2626 467 2671 suae
504 2607 708 2689 professione,
752 2626 846 2689 quam
883 2612 1016 2673 uacante
1054 2608 1170 2674 delicto
1208 2609 1292 2674 cirea

139 2716 250 2781 Saulis
274 2714 481 2779 adlectionem
508 2731 702 2795 consequens
728 2716 777 2778 est
798 2714 990 2779 inuidiosam
1009 2716 1117 2797 potius
1136 2715 1291 2797 intellegi,

138 2842 203 2887 non
233 2822 445 2887 criminosam.
479 2840 562 2897 eece,
595 2820 712 2904 inquis,
745 2820 948 2887 criminosam
977 2840 1044 2886 eam
1074 2822 1290 2888 animaduerto

139 2930 226 2993 eirca
245 2926 415 3002 Nininitas,
439 2927 563 2991 dicente
587 2928 743 3008 scriptura
766 2928 877 2992 lonae:
903 2932 940 2993 et
962 2928 1155 3009 paenituit
1178 2928 1291 2993 domi-

139 3055 227 3101 uum
257 3034 298 3099 de
329 3034 488 3111 malitia,
514 3052 621 3115 quam
650 3034 795 3097 dixerat
819 3034 1007 3098 facturum
1038 3054 1077 3099 se
1100 3034 1193 3111 illis,
1223 3053 1290 3099 neo

94 3161 120 3201 aa
138 3142 248 3207 fecit.
280 3141 365 3207 sicut
393 3144 424 3204 et
452 3141 521 3222 ipse
544 3140 637 3205 Ionas
666 3140 705 3205 ad
734 3140 845 3204 deum:
877 3145 1077 3223 propterea
1109 3141 1290 3223 praeueni

139 3250 342 3332 profugere
361 3248 398 3312 in
417 3248 591 3325 Tharsos,
612 3248 699 3328 quia
718 3266 966 3330 cognoueram
987 3250 1024 3311 te
1044 3266 1127 3311 esse
1146 3247 1289 3310 miseri-

140 3355 291 3421 cordem
330 3357 367 3419 et
403 3354 722 3427 miserescentem,
765 3354 973 3436 patientem
1011 3357 1048 3416 et
1083 3353 1289 3434 plurimum

139 3462 438 3540 misericordiae,
481 3461 735 3543 paenitentem
778 3461 1021 3524 malitiarum.
1064 3460 1142 3523 bene
1180 3460 1288 3543 igitur,

140 3570 226 3653 quod
246 3570 410 3653 praemisit
429 3568 541 3652 optimi
560 3568 609 3631 dei
634 3568 775 3643 titulum,
795 3568 1022 3649 patientissimi
1046 3567 1170 3631 scilieet
1194 3586 1289 3649 super

232 3798 260 3865 7]
284 3796 298 3851 I
320 3796 387 3865 ch.
413 3798 454 3862 15,
479 3794 520 3848 ll.
614 3795 656 3862 15]
682 3793 714 3846 cf.
739 3794 752 3846 Ι
776 3792 842 3862 Reg.
867 3794 892 3855 9,
916 3794 941 3845 2.
1032 3792 1078 3859 23]
1104 3791 1160 3844 Ion.
1190 3792 1215 3857 3,
1247 3792 1287 3845 10.

140 3886 189 3955 25]
209 3884 266 3938 Ion.
285 3887 311 3949 4,
331 3886 356 3937 2.

177 4008 289 4063 billum
309 4026 360 4063 om.
380 4007 419 4063 11ί
491 4006 680 4061 bmobilitete
699 4006 735 4071 R,
753 4004 946 4058 immobilitate
964 4004 1029 4057 ΜΡ
1098 4004 1230 4057 8feeerit
1249 4003 1288 4057 12²

142 4098 175 4151 10
201 4101 229 4151 et
252 4096 315 4150 odd.
339 4112 396 4150 occ
419 4095 466 4149 der
493 4094 565 4148 Vliet
639 4096 670 4147 12
695 4093 860 4147 onerandam
882 4092 998 4160 scripsi.-
1018 4091 1202 4145 honorandam
1226 4094 1288 4147 MR

142 4189 175 4241 le
193 4203 245 4240 nec
262 4186 298 4249 R,
318 4203 351 4239 ne
370 4184 434 4238 ΜΝ
485 4186 519 4239 22
539 4182 709 4237 criminosam
728 4184 868 4250 (oltmcmr
888 4198 939 4236 om.
959 4181 990 4234 F
1041 4182 1075 4234 23
1095 4182 1232 4234 nineoitas
1252 4181 1289 4235 dl

141 4278 175 4331 25
195 4274 274 4329 denm
294 4274 363 4342 MR,
383 4274 519 4328 dominum
538 4274 612 4327 Pom
665 4274 699 4328 26
719 4274 826 4326 tharsos
844 4272 914 4332 ΜΕ,
935 4271 1032 4324 Tarsos
1051 4270 1172 4341 Ruulpo
