3250 4959
276 430 341 493 380
506 424 622 491 Quinti
644 425 784 494 Septimi
805 426 975 479 Florentia
994 406 1201 479 Tertulliani

273 640 357 686 noua
386 620 518 695 scilicet,
552 619 678 683 facilius
710 619 908 682 crederemus
937 621 1031 683 etiam
1062 639 1145 683 noua
1168 620 1312 683 eiusdem
1342 640 1417 688 esse.

275 728 366 791 cuius
387 730 418 791 et
438 732 556 803 uetera,
582 743 675 807 quarn
697 726 788 788 cuius
808 725 1028 789 tantummodo
1050 745 1142 798 noua,
1163 728 1289 809 egentia
1308 727 1417 809 experi-

274 834 391 898 mentis
425 832 498 895 fidei
530 832 674 895 uictricis
708 832 892 906 uetustatis,
925 834 962 894 ut
994 833 1040 895 sic
1070 851 1196 916 quoque
1223 834 1417 916 praedicatus

274 941 381 1003 irenire
406 939 551 1003 debuerit
573 940 637 1001 tum
664 937 952 1019 praedicationibus
976 940 1111 1021 propriis
1136 940 1371 1004 exstruentibus
1392 941 1418 1003 ei

274 1046 368 1110 fidem
393 1065 485 1128 quam
512 1048 543 1109 ot
566 1044 751 1119 uirtutibus,
777 1044 963 1127 praesertim
983 1045 1137 1109 aduersus
1159 1046 1322 1111 Christum
1342 1067 1419 1110 enea·
1445 1064 1463 1101 ὁ

274 1155 352 1217 toris
380 1156 535 1217 uenturus
565 1154 597 1215 et
625 1151 725 1234 signis
755 1156 786 1214 et
819 1150 995 1234 prophetiis
1023 1153 1159 1233 propriis
1186 1154 1356 1228 munitum,
1387 1159 1421 1216 nt

275 1260 419 1322 aemulus
445 1256 564 1322 Christi
586 1276 643 1339 per
667 1277 776 1321 omnes
796 1256 1018 1321 diuersitatum
1039 1260 1161 1340 species
1180 1260 1347 1323 reluceret.
1369 1258 1420 1322 sed

275 1364 433 1445 quomodo
458 1384 476 1427 a
500 1364 557 1428 deo
582 1382 755 1445 numquam
773 1364 954 1445 praedicato
975 1363 1123 1429 Christus
1143 1367 1212 1429 eius
1231 1366 1421 1448 praedicare-

274 1474 347 1535 tur?
371 1472 431 1535 hoc
451 1473 501 1534 est
520 1490 604 1554 ergo,
626 1470 709 1552 quod
735 1470 852 1555 erigis:
878 1489 935 1533 nec
955 1471 1049 1534 deum
1069 1491 1125 1535 nec
1145 1472 1310 1537 Christum
1333 1478 1421 1535 tumn

275 1577 370 1647 credi,
391 1578 465 1659 quia
485 1581 516 1641 et
535 1576 612 1640 deus
631 1577 762 1660 ignotus
782 1596 852 1640 esse
872 1596 933 1640 nou
954 1577 1065 1641 debuit
1083 1582 1115 1641 et
1131 1576 1277 1643 Christus
1294 1579 1420 1662 agnosci
1437 1598 1459 1638 n

275 1703 329 1768 per
353 1684 448 1748 deum
473 1684 593 1748 debuit.

320 1794 350 1855 4.
379 1792 590 1875 Dedignatus
621 1791 738 1873 opinort
771 1794 822 1854 est
848 1791 967 1854 imitari
996 1791 1137 1855 ordinem
1167 1792 1216 1855 dei
1245 1792 1356 1857 nostri.
1388 1796 1422 1854 ut

275 1898 485 1979 displicentis,
520 1902 556 1961 ut
585 1917 656 1960 cum
685 1898 820 1960 maxime
848 1898 1039 1963 reuincendi.
1072 1917 1173 1962 nouus
1206 1918 1288 1963 noue
1317 1899 1422 1962 uenire

275 2005 389 2079 uoluit,
419 2004 504 2069 filius
533 2006 605 2068 ante
628 2004 727 2085 patris
751 2004 980 2085 professionem
1004 2009 1037 2068 et
1058 2005 1178 2069 missus
1202 2010 1274 2068 ante
1298 2005 1423 2068 manda·

274 2112 353 2176 ton's
374 2111 606 2188 anctoritatem,
631 2116 667 2174 ut
692 2114 723 2173 et
747 2110 850 2192 ipsam
873 2111 968 2174 fidem
987 2112 1316 2177 monstmosissimam
1335 2112 1423 2175 indu·
1439 2130 1462 2171 rr

275 2222 369 2295 aeret,
404 2206 466 2300 qna
499 2220 569 2281 ante
603 2218 784 2281 crederetur
812 2218 975 2281 Christum
1004 2219 1133 2283 uenisse
1164 2232 1258 2300 quam
1291 2219 1424 2283 sciretur

275 2327 382 2389 luisse.
417 2325 570 2407 competit
603 2325 682 2387 mihi
716 2324 811 2388 etiam
844 2324 925 2388 illud
957 2328 1136 2402 retractare,
1170 2344 1226 2389 cur
1257 2344 1319 2388 non
1352 2329 1424 2405 post

276 2433 438 2497 Christum
473 2431 604 2496 uenerit.
638 2450 710 2494 nam
744 2450 816 2494 cum
850 2431 976 2495 intueor
1008 2432 1102 2495 derum
1131 2432 1200 2496 eius
1227 2436 1317 2495 tanto
1346 2450 1423 2496 aeuo

274 2539 545 2620 patientissimum
579 2537 776 2602 acerbissimi
809 2538 970 2613 creatoris,
995 2538 1211 2603 adnuntiantis
1242 2539 1361 2603 interea
1393 2539 1422 2601 in

276 2645 418 2709 homines
439 2644 600 2710 Christum
621 2664 725 2720 suum,
747 2662 947 2725 quacumque
961 2644 994 2708 id
1008 2646 1129 2710 ratione
1147 2646 1233 2723 lecit,
1253 2650 1318 2709 tam
1338 2664 1424 2709 reue·
1440 2664 1464 2704 ro

274 2752 425 2817 lationem
455 2770 549 2833 quam
576 2752 836 2815 intercessionem
866 2770 956 2815 suam
986 2751 1143 2829 differens,
1172 2752 1282 2816 eadem
1305 2752 1425 2815 ratione

276 2859 346 2922 dico
366 2860 458 2923 illum
478 2858 665 2940 patientiam
685 2857 835 2923 debuisse
860 2858 992 2922 creatori
1015 2858 1046 2921 in
1067 2858 1192 2923 Christo
1216 2878 1344 2941 quoque
1367 2876 1425 2921 suo

276 2966 502 3046 dispositiones
536 2984 609 3029 suas
644 2968 825 3042 executum,
862 2969 900 3028 ut
935 2964 1075 3047 perfecta
1112 2968 1144 3029 et
1180 2966 1304 3047 erpleta
1340 2964 1425 3028 omni

276 3072 456 3154 operatione
481 3072 598 3135 aemuli
622 3071 672 3136 dei
698 3076 729 3135 et
754 3072 870 3135 aemuli
892 3070 1010 3135 Christi
1034 3076 1111 3135 tuuc
1136 3074 1168 3135 et
1190 3072 1260 3154 ipse
1282 3072 1425 3153 proprias

276 3178 504 3261 dispositiones
520 3178 756 3260 superduceret.
769 3181 908 3242 ceterum
920 3178 979 3259 (si)
989 3178 1181 3259 paenitentia
1191 3181 1296 3242 tantae
1307 3178 1425 3259 patien-
1442 3200 1467 3240 a

276 3287 338 3350 tino
366 3286 451 3363 fecit,
482 3285 565 3367 quod
594 3306 654 3350 non
683 3286 716 3349 in
741 3286 834 3348 linem
859 3304 962 3349 rerum
988 3286 1138 3349 creatoris
1162 3286 1424 3367 perseuerauerit.

275 3412 355 3457 uraris
385 3392 540 3457 sustinuit
567 3392 742 3474 praedicari
766 3390 931 3456 Christum
955 3393 1034 3470 eius,
1064 3412 1158 3474 quem
1182 3412 1243 3456 non
1272 3392 1427 3456 sustinuit

276 3500 423 3565 exhiberi.
440 3504 495 3563 aut
510 3500 576 3564 sine
596 3519 691 3563 causa
705 3498 869 3563 intercidit
886 3500 1040 3582 temporis
1060 3500 1154 3563 alieni
1178 3499 1347 3563 decursum
1371 3504 1427 3561 aut

276 3608 343 3670 sine
367 3626 463 3671 causa
486 3609 552 3670 tam
577 3605 630 3670 diu
654 3624 715 3669 uon
740 3606 912 3669 intercidit.
934 3606 1009 3687 quid
1028 3606 1120 3670 illum
1140 3606 1287 3683 detinuit,
1307 3605 1425 3688 quidue

276 3714 439 3778 turbauit?
459 3712 567 3794 atquin
587 3712 619 3775 in
634 3716 804 3794 utrumque
825 3713 994 3790 commisit,
1013 3716 1087 3795 post
1106 3715 1279 3777 creatorem
1298 3711 1425 3794 quidem
1443 3734 1469 3772 a

275 3826 342 3885 tnnr
370 3821 458 3884 tarde
487 3822 657 3898 reuelatus,
692 3823 763 3884 ante
795 3819 956 3884 Christum
985 3840 1060 3883 uero
1090 3820 1159 3883 eius
1187 3822 1253 3883 tarn
1281 3838 1424 3902 propere.

312 3963 328 4013 6
347 3965 477 4014 uenturus
490 3962 601 4028 scripsi:
620 3962 762 4013 uenturum
777 3958 840 4012 MR
911 3958 1063 4027 prophetiis
1078 3959 1189 4026 scripsi:
1209 3958 1350 4027 prophetis
1365 3958 1427 4012 MR

277 4054 293 4103 o
318 4050 403 4118 erigis
427 4053 471 4114 (τε
492 4050 531 4102 (lu
549 4049 687 4113 erreicbst)
710 4049 824 4115 scripsi:
848 4048 933 4115 erigit
956 4048 1018 4100 MR
1091 4048 1124 4101 13
1148 4047 1337 4116 displicentem
1354 4050 1427 4115 sort

279 4140 311 4191 15
336 4138 420 4207 ipsam
441 4138 483 4196 M,
507 4138 565 4206 ipsc
585 4138 612 4191 li
685 4138 717 4190 18
743 4136 880 4190 Christum
904 4138 1032 4203 (meum)
1047 4138 1118 4203 sort.
1209 4135 1287 4189 deum
1310 4137 1426 4202 scripsi:

280 4224 493 4279 domiuumlllt
545 4226 577 4278 19
593 4224 810 4278 aceruissimillI
857 4226 889 4276 21
911 4225 1016 4277 ratione
1030 4224 1067 4289 R,
1086 4225 1219 4278 rationem
1233 4222 1298 4276 ΜΡ
1349 4226 1384 4277 ‘25
1403 4224 1427 4277 si

279 4314 378 4369 urldidi
434 4316 467 4367 26
487 4314 710 4383 perseuerauerit.
731 4330 799 4366 nane
818 4314 903 4382 sculpo
958 4314 1064 4366 ‘29non
1083 4330 1134 4366 orn.
1154 4312 1184 4365 F
1302 4337 1309 4375 i
