3250 4959
398 453 458 506 VII.
478 452 644 507 Aduersus
663 453 863 507 Marcionem
883 453 931 506 lib.
951 453 976 506 II
996 455 1075 507 2—4.
1251 457 1315 520 337

161 647 399 732 distinguendis
419 652 451 712 et
463 649 611 712 notandis
631 648 735 712 sidera
754 651 787 711 ot
800 649 968 711 luminaria
988 649 1137 713 caelestia
1156 648 1313 732 disposita

160 758 249 819 sunt.
287 763 404 819 erunt
437 755 530 831 enirn,
564 755 675 837 inquit,
706 756 745 819 in
785 759 965 838 temporo
1004 758 1043 818 et
1084 775 1242 820 menses
1277 761 1314 820 et

160 880 296 926 annos.
321 880 395 945 ergo
410 879 467 925 nec
483 865 610 943 tempus
626 862 739 926 habuit
753 865 825 924 aute
840 863 967 942 tempus
984 880 1063 942 quae
1079 862 1156 927 lecit
1174 865 1313 945 ternpus,

160 968 250 1033 sicut
276 987 333 1033 neo
361 967 490 1032 initium
514 972 585 1031 ante
609 968 735 1032 initium
760 987 840 1050 quae
865 968 1034 1031 constituit
1055 968 1193 1032 initium.
1219 973 1313 1050 atque

121 1077 210 1139 sita
238 1094 346 1139 carens
376 1078 408 1139 et
437 1073 545 1139 ordine
573 1075 656 1139 initii
685 1078 717 1139 et
744 1075 837 1139 modo
867 1075 1019 1156 temporis
1049 1074 1087 1139 de
1112 1076 1253 1140 inmensa
1283 1081 1315 1140 et

158 1181 389 1245 interminabili
407 1183 511 1246 aetate
531 1181 710 1247 censebitur
729 1200 785 1245 nec
805 1182 924 1263 poterit
941 1182 1105 1263 repentina
1124 1183 1176 1245 uel
1197 1181 1312 1248 obuen-

159 1289 242 1352 ticia
270 1291 302 1352 et
329 1287 544 1370 prouocaticia
567 1289 717 1370 reputari,
746 1307 806 1352 non
832 1288 949 1352 babens
975 1287 1056 1352 unde
1080 1291 1254 1369 reputetur,
1279 1290 1311 1353 id

159 1398 214 1460 est
231 1394 370 1477 aliquam
389 1395 542 1478 temporis
563 1395 712 1478 speciem,
729 1395 783 1458 sed
799 1395 880 1478 (est)
901 1399 1027 1459 aeterna
1043 1399 1075 1459 et
1094 1395 1151 1459 deo
1170 1395 1313 1480 ingenita

159 1507 195 1566 et
223 1505 376 1585 perpetua
403 1502 633 1583 praesumenda
665 1520 701 1565 ac
730 1520 784 1584 per
812 1501 872 1565 hoo
901 1502 958 1566 deo
988 1501 1094 1584 digna,
1129 1501 1312 1566 suffundens

110 1632 138 1669 ιο
158 1611 226 1673 iam
251 1609 323 1672 bino
345 1607 518 1672 bonitatem
543 1608 594 1672 dei
617 1608 797 1684 Marcionis,
830 1628 890 1674 non
916 1609 985 1672 dieo
1010 1609 1111 1672 initiis
1137 1612 1169 1673 et
1191 1611 1313 1691 tempo-

158 1716 262 1793 ribus,
287 1715 343 1779 sed
361 1716 432 1798 ipsa
450 1715 573 1779 malitia
592 1715 742 1780 creatoris
767 1715 983 1796 posteriorem,
1009 1716 1036 1778 si
1061 1719 1165 1779 tamen
1191 1717 1314 1780 malitia

157 1821 268 1904 potuit
291 1841 309 1884 a
331 1822 473 1885 bonitate
497 1821 665 1886 committi.

205 1929 236 1991 4.
254 1927 357 2012 Igitur
371 1945 444 1992 oum
459 1927 677 2010 cognoscendo
694 1927 751 1992 deo
772 1928 933 1992 hominem
952 1928 1167 2010 prospexisset
1185 1927 1311 1992 bonitas

160 2034 213 2098 dei
245 2033 358 2116 ipsius,
396 2035 490 2097 etiam
534 2034 594 2098 boc
635 2034 801 2115 praeconio
836 2053 893 2098 suo
931 2034 1061 2112 addidit,
1100 2034 1184 2115 quod
1222 2033 1310 2117 prius

109 2165 137 2200 η
159 2140 360 2204 domicilium
376 2141 498 2204 homini
509 2143 722 2204 commentata
736 2144 786 2204 est
801 2141 940 2223 aliquam
952 2137 1181 2226 [postmodum]
1193 2140 1309 2205 molem

158 2247 342 2325 maximam,
365 2247 571 2329 postmodnm
596 2250 628 2311 et
650 2247 813 2322 maiorem,
838 2251 874 2311 ut
896 2247 926 2311 in
953 2267 1066 2330 magua
1090 2251 1252 2330 tamquam
1276 2249 1308 2312 in

156 2353 280 2417 minore
304 2353 486 2436 proluderet
509 2357 604 2435 atque
627 2354 792 2436 proficeret
821 2360 853 2418 et
882 2355 928 2418 ita
952 2355 989 2418 de
1013 2354 1095 2419 bono
1119 2355 1179 2432 dei,
1204 2354 1238 2418 id
1262 2360 1311 2419 est

159 2460 199 2524 de
228 2480 353 2544 magno,
383 2459 422 2524 ad
452 2461 608 2542 optimum
639 2480 763 2542 quoque
793 2461 872 2538 ciue,
902 2461 934 2524 id
958 2462 1071 2525 estad
1096 2462 1198 2526 maius
1223 2462 1310 2526 babi-

157 2567 312 2646 taculum,
344 2571 591 2649 promoueretur.
622 2567 752 2631 adhibet
784 2568 871 2651 operi
903 2568 985 2632 bono
1020 2569 1177 2650 optimum
1212 2568 1305 2632 etiam

107 2695 139 2734 ao
157 2673 352 2748 ministrum,
377 2691 553 2738 sermonem
574 2692 682 2739 suum:
708 2675 928 2750 cructuuit,
953 2674 1066 2756 inquit,
1093 2693 1307 2738 cormeum

157 2798 381 2844 sermonem
405 2780 611 2863 optimum.
636 2783 788 2865 agnoscat
809 2780 881 2844 binc
905 2782 1043 2862 primum
1062 2781 1203 2845 fructum
1227 2781 1308 2862 opti-

155 2906 256 2963 mum,
279 2887 392 2969 utique
412 2889 549 2970 optimae
569 2887 699 2964 arboris,
721 2888 870 2952 Marcion.
885 2887 1145 2970 imperitissimus
1166 2887 1306 2952 rusticus

154 2993 283 3077 quidem
303 2995 419 3057 melam
438 2994 469 3058 iu
489 2994 602 3058 bonam
622 2995 765 3058 inseruit.
790 2995 845 3059 sed
865 3013 924 3058 nou
946 2994 1067 3059 ualcbit
1086 2993 1304 3075 blasphemiae

154 3101 321 3172 surculum
360 3106 480 3165 arescet
508 3120 580 3164 cum
617 3119 674 3164 suo
709 3101 827 3165 artifice
860 3107 892 3166 et
919 3102 965 3164 ita
994 3121 1027 3164 se
1056 3101 1155 3164 bonne
1185 3101 1305 3165 arboris

105 3211 270 3272 sanatura
296 3207 476 3272 testabitur.
514 3208 620 3289 aspice
654 3206 692 3270 od
726 3227 896 3284 summam,
930 3207 1036 3290 qualia
1066 3224 1167 3272 sermo
1196 3207 1305 3271 fructi-

151 3313 314 3378 ficauerit:
339 3318 378 3378 et
400 3313 504 3377 dixit
528 3313 639 3378 deus:
665 3313 752 3391 liat,
779 3318 818 3378 et
839 3315 993 3378 factum
1018 3317 1093 3388 est,
1132 3316 1171 3376 et
1195 3313 1305 3377 uidit

153 3421 253 3486 deus
278 3420 372 3503 quia
395 3420 551 3499 bonnm,
575 3439 636 3485 nou
660 3421 751 3502 quusi
775 3421 919 3484 nesciens
941 3421 1058 3485 bonum
1085 3419 1146 3482 nisi
1167 3419 1302 3497 uideret,

151 3527 209 3592 sed
232 3528 307 3609 quia
330 3528 458 3604 bonum,
482 3527 552 3592 ideo
578 3527 701 3602 uidens,
725 3526 880 3590 honorans
906 3531 937 3590 et
966 3526 1156 3609 consignans
1183 3528 1213 3589 ct
1237 3526 1302 3590 dis-

149 3653 297 3718 pungens
332 3634 508 3698 bonitatem
547 3651 677 3715 operum
716 3633 897 3717 dignatione
935 3635 1135 3715 conspectus.
1184 3633 1230 3696 sic
1269 3635 1302 3696 et

241 3774 269 3843 2]
290 3773 356 3828 Gen.
378 3775 401 3838 l,
422 3774 464 3828 14.
519 3773 565 3841 20]
585 3773 629 3826 Ps.
648 3774 692 3840 44,
712 3775 736 3826 2.
792 3773 838 3842 26]
861 3772 927 3828 Gen.
948 3775 971 3842 l,
992 3775 1016 3826 3.
1037 3775 1062 3826 4.

185 3883 203 3935 4
214 3882 278 3934 aute
287 3879 394 3932 initium
405 3895 455 3933 om.
466 3879 496 3931 p'
529 3880 545 3932 6
555 3895 605 3931 nec
615 3879 717 3946 poterit
726 3879 876 3948 repentina,
887 3879 930 3932 uel
942 3880 1097 3932 obuenticia
1109 3879 1161 3931 uel
1172 3895 1300 3947 prouoca-

148 3971 225 4036 ticia,
234 3969 353 4038 reputari
361 3969 433 4036 sort.
470 3967 545 4020 8est
559 3965 670 4020 addidi:
686 3970 714 4020 et
724 3966 788 4020 add.
800 3967 846 4029 12³.
860 3985 911 4022 om.
922 3967 995 4020 Mle
1035 3968 1256 4036 llpostoriorcm
1267 3967 1304 4018 M

150 4059 184 4110 12
194 4057 329 4110 committi
339 4056 386 4118 13³,
402 4057 571 4110 committere
586 4055 658 4109 Mle
707 4057 740 4110 14
750 4056 794 4110 dei
801 4059 873 4125 sort.
888 4057 1032 4111 delendum
1081 4059 1113 4110 15
1129 4055 1299 4123 postmodum

147 4145 249 4200 acolaci
300 4144 473 4212 postmodum
491 4145 589 4198 molem
609 4146 751 4199 maximam
768 4163 818 4200 om.
834 4146 864 4198 F
913 4148 944 4199 16
960 4146 1298 4212 maximam=mupuom,

146 4259 448 4329 utopliaoras=bonue
491 4261 522 4313 18
532 4221 736 4314 babieirlumM
778 4261 810 4313 21
823 4277 972 4314 sermonem
983 4259 1064 4322 blm,
1076 4259 1187 4314 uerbum
1197 4275 1299 4312 sermo-

146 4366 209 4404 nem
220 4347 259 4404 13¹
300 4349 334 4403 23
344 4349 443 4402 malam
453 4349 482 4401 in
491 4348 643 4418 scripsistn
654 4349 750 4402 malam
761 4349 824 4404 MR
859 4347 1299 4414 aasurculusnIR³,sarculusll¹

175 4475 305 4514 mrsu.
320 4473 381 4514 ren.
395 4473 438 4513 nr.
1227 4454 1261 4506 22
