3250 4959
290 370 354 432 332
517 365 633 429 Quinti
653 366 792 436 Septimi
811 366 982 420 Florentia
1001 367 1212 436 Tertulliani,

288 563 352 627 iam
381 563 482 626 dican
513 561 606 625 deum
631 562 812 638 Marcionis,
843 581 914 626 cum
939 563 1177 627 matrimonium
1202 567 1238 626 ut
1260 564 1379 628 malum
1404 573 1433 626 et

289 669 508 752 impudicitiae
533 668 696 751 negotium
719 669 877 750 reprobat,
903 669 1056 733 aduersus
1075 670 1178 751 ipsam
1199 669 1301 734 facere
1321 672 1434 734 sancti-

290 781 398 851 tatem,
432 775 484 839 oui
510 774 640 838 uidetur
662 775 798 840 studere.
836 776 1000 839 materiam
1030 776 1111 840 enim
1137 777 1206 839 eius
1230 777 1340 854 eradit,
1364 778 1435 858 qnia

290 883 317 946 si
348 882 477 965 nuptiae
510 901 570 946 non
604 886 705 958 erunt,
739 882 893 946 sanctitas
926 881 1013 946 nulla
1041 885 1101 946 est.
1144 888 1238 946 uacat
1269 884 1353 947 enim
1386 883 1435 946 ab

291 988 459 1052 stinentiaa
473 988 704 1064 testimonium,
724 1007 797 1051 cum
817 988 947 1052 lieentia
966 989 1107 1070 eripitur,
1123 990 1270 1070 quoniam
1285 991 1331 1054 ita
1347 1009 1435 1072 quac·
1461 1017 1472 1054 s

291 1095 413 1158 damin
434 1094 568 1158 diuersis
588 1094 770 1176 probantur.
804 1094 888 1158 sicut
912 1101 944 1157 et
967 1094 1105 1158 uirtus
1129 1095 1165 1158 in
1190 1095 1434 1160 infirmitate

290 1202 519 1286 perficitur,
544 1200 591 1265 sic
610 1206 642 1264 ot
660 1200 853 1264 abstinentia
872 1200 1010 1264 nubendi
1028 1201 1061 1264 in
1081 1201 1235 1266 facultate
1254 1202 1434 1268 dinoscitur.

290 1308 362 1391 quis
382 1308 516 1389 denique
536 1307 698 1370 abstinens
718 1306 842 1372 dicetur
865 1307 991 1372 sublato
1016 1327 1063 1383 eo,
1088 1327 1106 1372 a
1130 1327 1192 1390 quo
1217 1309 1435 1374 abstinendum

291 1418 361 1478 est?
385 1432 466 1496 qnae
485 1414 696 1495 temperantia
714 1414 808 1496 gulae
828 1415 858 1476 in
883 1414 987 1477 fame?
1013 1433 1093 1494 qnae
1112 1415 1295 1480 ambitionis
1314 1415 1435 1497 repudi·

290 1646 366 1691 uero
396 1631 569 1690 sementem
598 1627 724 1708 generis
752 1626 884 1690 humaui
908 1643 1108 1708 compescere
1132 1629 1237 1691 totum
1264 1628 1372 1692 nescio
1400 1647 1436 1692 aa

290 1735 350 1799 hoc
384 1752 510 1815 quoque
543 1733 663 1814 optimo
701 1731 759 1796 deo
799 1736 958 1817 congruat.
1006 1734 1164 1814 quomodo
1197 1735 1280 1798 enim
1313 1734 1435 1798 salurrm

291 1841 451 1906 hominem
472 1839 559 1903 uolet
583 1859 677 1920 quem
701 1844 791 1902 uetat
814 1840 912 1904 nasci.
937 1840 974 1903 de
999 1859 1060 1921 quo
1084 1841 1226 1904 nascitur
1248 1842 1436 1906 auferendo?

292 1947 450 2029 quomodo
479 1944 611 2009 habebit
638 1946 669 2008 in
699 1965 760 2026 quo
789 1946 965 2010 honitatem
990 1966 1080 2012 suam
1106 1947 1221 2030 signet,
1250 1967 1344 2028 quem
1369 1967 1437 2012 esse

290 2053 511 2134 conpatitur?
533 2052 689 2134 quomodo
710 2051 824 2135 diliget
843 2051 934 2116 cuius
954 2053 1109 2136 originem
1133 2073 1193 2138 non
1218 2059 1323 2118 amat?
1346 2055 1437 2118 timet
1455 2085 1477 2124 n

290 2159 423 2224 forsitan
441 2159 683 2223 redundantiam
708 2157 842 2238 subolis,
867 2177 905 2222 ne
928 2158 1052 2223 laboret
1075 2159 1182 2241 plnres
1206 2160 1378 2237 liberando,
1401 2181 1436 2224 ne

291 2267 410 2330 multos
440 2265 536 2329 faeiat
563 2265 750 2341 haereticos,
783 2285 821 2329 ne
851 2267 1067 2349 generosiores
1098 2267 1213 2330 babeat
1234 2267 1436 2334 Marcionitas

291 2393 327 2436 en
341 2371 550 2436 Marcionitis.
575 2373 712 2436 nouerit
730 2372 899 2436 humanior
918 2372 1034 2436 duritia
1048 2372 1221 2438 Pharaonis
1241 2375 1436 2438 nascentium

292 2479 469 2545 enecatrix?
504 2500 574 2542 nam
603 2480 658 2543 ille
687 2481 808 2543 animas
838 2480 958 2553 adimit,
988 2481 1040 2543 bic
1069 2499 1129 2544 non
1160 2481 1228 2558 dat;
1261 2482 1315 2546 ille
1339 2483 1440 2546 aufert

292 2588 329 2651 de
348 2588 425 2662 uita,
450 2587 503 2650 hic
523 2605 583 2650 non
603 2586 746 2652 admittit
763 2588 795 2650 in
817 2588 926 2652 uitam.
950 2587 1030 2650 nihil
1050 2587 1134 2668 apud
1154 2589 1265 2652 ambos
1285 2588 1323 2652 de
1345 2589 1439 2653 borni·
1457 2619 1481 2657 11

292 2693 374 2758 cidio
404 2693 518 2757 differt.
549 2695 617 2767 sub
647 2697 781 2775 utroque
810 2694 904 2758 homo
934 2694 1136 2758 interficitur:
1162 2694 1221 2758 sub
1251 2695 1351 2759 altero
1378 2697 1441 2764 iarn

294 2800 409 2866 editus.
434 2801 494 2864 sub
519 2801 617 2863 altero
642 2800 793 2864 edendus.
832 2803 942 2883 gratus
967 2819 1065 2865 esses.
1095 2820 1112 2865 ο
1138 2800 1194 2864 dee
1219 2801 1385 2866 haeretice.
1414 2802 1441 2866 si

293 2927 392 2980 esses,
423 2908 453 2970 in
488 2907 727 2988 dispositionem
763 2907 926 2982 creatoris,
961 2906 1045 2988 qnod
1078 2925 1195 2971 marem
1230 2913 1262 2972 et
1293 2909 1440 2974 feminam

294 3014 438 3077 miscuit:
474 3012 585 3094 utique
613 3012 695 3074 enim
726 3018 758 3077 et
781 3013 922 3076 Marcion
952 3016 1027 3076 tuus
1057 3033 1092 3076 en
1121 3013 1241 3095 nuptiis
1266 3019 1440 3078 natusest.

338 3119 423 3184 Satis
452 3120 530 3182 haec
558 3119 596 3182 de
626 3119 683 3182 deo
708 3119 889 3194 Marcionis
924 3139 1018 3200 quem
1048 3125 1079 3182 et
1107 3118 1306 3184 definitiones
1330 3123 1439 3185 unicas
1458 3153 1483 3192 n

292 3227 469 3290 diuinitatis
490 3230 523 3289 et
537 3225 737 3290 condiciones
758 3230 902 3290 statuum
923 3226 991 3289 eius
1013 3225 1140 3288 omnino
1161 3245 1221 3290 non
1242 3228 1440 3292 1111101111·-

293 3339 387 3396 mant
426 3333 481 3397 sed
510 3338 542 3395 et
570 3333 670 3396 totius
701 3333 848 3414 opusculi
877 3332 974 3396 series
1003 3331 1034 3394 in
1063 3331 1123 3396 hoc
1147 3332 1259 3413 utique
1284 3334 1439 3398 succedet.

291 3439 431 3521 proinde.
458 3440 484 3502 si
510 3440 559 3502 cui
585 3439 690 3502 minus
714 3438 790 3520 qnid
816 3439 961 3502 uidemur
985 3439 1100 3522 egisse,
1120 3445 1226 3521 speret
1243 3445 1439 3504 reseruatnm

382 3667 410 3733 a]
429 3664 457 3718 11
477 3665 537 3720 cor.
559 3667 599 3732 aa,
619 3667 645 3718 9.
701 3666 746 3733 rs]
767 3665 801 3717 cr.
823 3665 903 3719 nmo.
927 3669 948 3722 1.
970 3668 1011 3718 m.

331 3827 360 3878 11
383 3830 470 3878 totum
488 3827 566 3878 .--’1’11
586 3831 679 3886 totum,
698 3831 729 3877 uf
747 3827 859 3892 saepius
910 3827 941 3877 12
961 3826 1063 3894 optimo
1079 3825 1113 3887 11,
1134 3826 1235 3894 optime
1250 3825 1283 3877 11
1333 3828 1365 3880 15
1378 3825 1437 3878 dili·

293 3920 341 3978 get
354 3914 430 3982 Erip:
450 3913 543 3982 diligit
557 3914 618 3967 1111
666 3917 698 3968 16
717 3914 841 3967 forsitam
857 3915 892 3966 11
938 3916 970 3966 18
990 3913 1438 3982 11111111111101111111,1111111111101113

292 4003 375 4069 accipe
448 4003 567 4056 faraonis
586 4003 622 4055 11
676 4005 708 4056 19
728 4005 874 4056 enecatrix.
894 4005 1048 4070 narrruufpn
1103 4001 1439 4068 rabennantium

295 4092 320 4144 11
392 4109 408 4144 a
427 4092 572 4145 homicidio
596 4093 724 4145 Oeblerus
743 4093 889 4158 (ratersdose)
952 4093 984 4144 22
1005 4094 1027 4143 si
1048 4109 1128 4158 esses,
1148 4093 1174 4144 in
1197 4093 1310 4160 scripsi:
1331 4092 1354 4144 si
1372 4093 1437 4144 isses

294 4179 402 4232 1111111
470 4182 643 4233 aestatuum
663 4180 710 4247 12³,
730 4179 923 4233 111111111111111
1007 4183 1166 4232 confirmant
1184 4179 1231 4246 12³¹,
1250 4179 1438 4232 confirmantes

294 4266 366 4321 1111ι
421 4268 454 4320 27
474 4269 601 4320 succedet
620 4269 729 4335 scripsi:
750 4268 871 4322 succedit
890 4268 951 4320 1111
