3250 4959
383 396 442 451 Vll.
461 396 628 451 Aduersus
648 396 844 449 Marcionem
863 394 910 449 lib.
925 394 967 448 111
987 396 1100 449 14-15.
1253 398 1315 461 401

168 596 322 675 subiacet,
352 595 485 659 marimo
513 594 639 659 aemulo
663 596 695 659 et
717 592 847 657 habenti
870 607 961 657 suam
986 590 1238 673 dispositionem,
1268 591 1319 655 cui

169 708 204 765 et
226 702 353 767 nomine
375 700 500 784 priuata
523 699 660 767 debebit.
685 698 777 783 quale
801 702 851 763 est
874 697 967 776 enim,
992 697 1077 779 quod
1096 697 1239 763 diuersae
1259 697 1320 761 dis-

169 809 346 890 positiones
375 808 509 873 duorum
537 806 743 873 commentati
776 806 906 871 deorum
940 804 1125 871 societatem
1156 806 1321 869 nominum

170 914 346 979 admittunt
377 915 409 979 iu
443 913 600 981 discordia
637 913 893 996 dispositionum,
931 911 1056 994 quando
1093 912 1183 975 nulla
1217 911 1321 994 magis

141 1022 318 1103 sprobatio
342 1020 513 1087 adsisteret
536 1020 669 1085 duorum
694 1022 726 1085 et
748 1019 946 1085 aemulorum
969 1019 1111 1095 deorum,
1130 1019 1273 1100 quamsi
1290 1018 1322 1081 in

171 1127 381 1211 dispositione
392 1146 500 1191 eorum
515 1126 611 1193 etiam
626 1126 795 1191 diuersitas
810 1125 1196 1191 nominumiuuaniretur?
1215 1123 1322 1189 nullus

172 1234 257 1299 enim
276 1238 381 1299 status
401 1232 648 1299 differentiarum
667 1234 792 1299 nonnisi
811 1232 1059 1316 proprietatibus
1074 1230 1321 1315 appellationum

172 1341 388 1424 consignatur.
427 1339 544 1423 quibus
577 1339 808 1413 deficientibus,
846 1339 874 1405 si
912 1338 1046 1422 quaudo,
1083 1356 1166 1403 nunc
1203 1336 1324 1403 Graeca

173 1446 367 1513 catachresis
396 1445 435 1511 de
463 1446 566 1511 alieno
594 1445 752 1511 abutendo
781 1446 947 1512 succurrit.
981 1444 1064 1528 apud
1093 1444 1190 1511 deum
1217 1450 1321 1509 autem

125 1580 153 1619 m
175 1554 320 1631 deficere,
348 1556 437 1635 puto,
461 1552 540 1617 nihil
574 1552 676 1629 debet,
711 1571 768 1617 nec
801 1551 841 1616 ds
873 1553 975 1617 alieno
1007 1552 1123 1618 instrui
1155 1551 1323 1635 dispositio

174 1662 253 1726 eius.
277 1660 349 1743 quis
369 1661 420 1725 hic
440 1660 518 1725 dens
539 1664 597 1737 est,
622 1659 675 1739 qui
694 1658 760 1724 filio
781 1678 907 1740 quoque
925 1678 984 1723 suo
1003 1659 1131 1725 nomina
1148 1678 1168 1723 a
1185 1663 1325 1725 creatore

173 1767 328 1843 uindicat,
352 1786 414 1833 non
440 1766 509 1831 dico
534 1766 645 1842 aliena,
670 1766 726 1831 sed
750 1770 859 1831 uetera
882 1768 915 1831 et
936 1768 1079 1851 uulgata,
1103 1785 1183 1848 quae
1206 1768 1259 1831 uel
1279 1767 1325 1831 sic

176 1894 236 1939 non
265 1875 481 1954 competerent
512 1870 570 1937 deo
603 1890 686 1937 nouo
719 1874 751 1936 et
781 1872 965 1956 incognito?
998 1872 1156 1955 quomodo
1189 1873 1326 1955 denique

178 1982 271 2046 docet
294 1998 410 2045 nouam
434 1979 597 2063 plagulam
616 1997 676 2044 non
697 1978 788 2043 adsui
808 1979 909 2044 ueteri
926 1979 1118 2045 uestimento
1137 2000 1194 2045 neo
1212 1982 1324 2045 uiuum

130 2110 158 2151 rs
176 2108 297 2153 nouum
325 2086 489 2152 ueteribus
518 2086 643 2151 utribus
672 2085 767 2163 credi,
800 2086 935 2151 adsutus
962 2088 1032 2170 ipse
1062 2090 1094 2151 et
1125 2087 1245 2152 inditus
1273 2107 1325 2151 no-

177 2196 300 2259 minum
323 2192 433 2257 senio?
457 2192 615 2274 quomodo
639 2191 776 2257 abscidit
799 2192 1001 2277 euangelium
1025 2213 1044 2257 a
1065 2194 1147 2277 lege,
1171 2197 1239 2259 tote
1256 2195 1327 2278 lege

178 2302 329 2377 uestitus,
351 2300 383 2363 iu
403 2300 530 2365 nomine
549 2298 674 2363 scilieet
692 2298 835 2364 Christi?
858 2292 1040 2381 quirillum
1060 2300 1223 2382 prohibuit
1240 2302 1328 2365 eliud

178 2408 297 2486 uocari,
322 2406 408 2471 aliud
432 2406 676 2489 praedicantem,
701 2406 828 2471 aliunde
851 2406 1042 2485 uenientem,
1067 2427 1140 2472 cum
1162 2419 1329 2491 propterea

178 2536 236 2581 nec
255 2514 396 2597 corporis
420 2512 596 2595 susceperit
618 2514 795 2593 ueritatem,
819 2532 857 2578 ne
877 2512 1026 2579 Christus
1050 2514 1200 2579 creatoris
1224 2515 1328 2579 crede-

131 2625 287 2687 noratur?
310 2640 390 2687 nane
415 2622 522 2685 autem
546 2620 650 2685 noluit
673 2639 745 2685 eum
770 2640 803 2685 se
828 2619 940 2696 uideri,
965 2640 1059 2703 quem
1083 2620 1189 2687 uoluit
1210 2622 1327 2698 uocari,

179 2727 305 2811 quando
330 2729 362 2792 et
384 2726 412 2792 si
435 2744 510 2793 uere
534 2744 703 2809 corporeus
726 2726 852 2804 luisset,
878 2726 981 2810 magis
1006 2726 1154 2791 Christus
1178 2729 1328 2792 creatoris

178 2832 435 2911 concideretur,
459 2832 485 2897 si
510 2851 570 2897 nou
595 2836 769 2898 uocaretur.
796 2835 829 2896 at
850 2852 934 2897 nuno
957 2832 1171 2898 substantiam
1195 2835 1328 2917 respuit,

179 2942 273 3007 cuius
291 2958 404 3012 nomen
424 2940 555 3021 aceepit,
580 2940 675 3005 etiem
695 2939 908 3005 substantiam
926 2940 1117 3021 probaturus
1138 2960 1174 3005 er
1192 2943 1329 3006 nomine.

180 3048 209 3111 si
237 3046 320 3111 euim
349 3045 496 3113 Christus
525 3050 641 3113 unctus
669 3049 728 3123 est,
757 3046 858 3129 ungui
884 3046 1024 3129 (autem)
1050 3046 1163 3129 utique
1191 3050 1330 3131 eorporis

133 3172 163 3215 aa
181 3154 289 3236 passio
313 3156 373 3231 est,
402 3152 456 3235 qui
479 3171 593 3237 corpus
621 3171 682 3217 uon
713 3153 826 3219 habuit
852 3154 952 3237 ungui
976 3155 1101 3219 omnino
1125 3174 1187 3220 nou
1211 3156 1329 3236 potuim

183 3262 237 3343 qui
267 3261 369 3345 ungui
400 3260 526 3329 omnino
559 3278 619 3325 non
657 3260 763 3341 potuit
798 3259 946 3325 wChristus
978 3262 1086 3325 uocari
1117 3262 1206 3326 nullo
1236 3262 1330 3326 modo

182 3368 297 3451 potuit.
332 3366 419 3431 aliud
451 3372 509 3443 eet,
544 3367 570 3430 si
604 3370 636 3429 st
667 3366 804 3431 nominis
837 3366 1025 3447 phantasma
1057 3367 1241 3433 adfectauit.
1264 3369 1332 3433 ‘ssd

183 3474 364 3559 quomode,
387 3474 501 3555 iuquit,
520 3474 687 3556 ‘irreperet
709 3473 740 3536 ic
764 3473 954 3539 Iudaeorum
976 3473 1082 3553 fidem,
1107 3474 1170 3539 nisi
1192 3494 1248 3557 per
1271 3478 1333 3539 sol-

182 3584 287 3647 lemno
314 3580 398 3665 apud
425 3600 482 3647 eos
511 3584 542 3645 et
569 3581 723 3647 familiare
751 3584 896 3645 nomen'?
919 3581 1152 3647 inconstantem
1180 3585 1236 3646 aut
1259 3583 1333 3647 sub-

276 3704 320 3773 14]
342 3702 374 3758 ci.
394 3703 494 3759 Matth.
515 3704 540 3767 9,
562 3705 603 3758 16,
625 3705 666 3757 17.

219 3798 237 3849 4
248 3792 490 3861 discordiaecn’psr'
494 3813 503 3847 .·
513 3792 673 3847 discordiam
681 3793 742 3847 MR
779 3794 794 3847 6
806 3792 1038 3862 dispositioaeRi,
1049 3793 1252 3862 dispositionem
1259 3793 1321 3847 MR
1326 3794 1333 3826 ¹

184 3882 202 3935 8
219 3886 285 3936 tuuc
302 3881 467 3936 Caetronius
521 3884 537 3936 9
557 3881 720 3936 catachresis
735 3882 770 3945 F,
791 3882 954 3937 catachersis
969 3882 1010 3949 M,
1031 3880 1199 3935 katachresis
1213 3879 1334 3949 Raalpo

187 3970 221 4023 10
240 3969 353 4024 deficere
372 3980 439 4040 puto
458 3970 528 4023 nihil
548 3970 658 4025 debere
677 3970 741 4039 Eup
827 3970 970 4039 dispositio
989 3971 1088 4039 scripsi
1107 3969 1154 4037 (cs.
1174 3986 1263 4039 sopra
1283 3971 1299 4022 l.
1320 3974 1335 4021 1

187 4066 211 4112 et
233 4062 272 4128 6):
293 4058 486 4127 dispositiones
505 4058 567 4113 MR
642 4060 672 4112 11
692 4058 749 4113 tilio
769 4076 817 4113 suo
837 4060 947 4111 nomina
967 4075 1074 4127 quoque
1088 4058 1158 4124 sort.
1230 4058 1263 4111 14
1289 4075 1334 4111 ue-

186 4148 250 4200 teri·
266 4146 303 4199 M
346 4148 379 4200 15
398 4146 501 4201 inditus
520 4147 563 4212 M,
582 4148 693 4201 inclitus
711 4148 748 4211 1⁴¹,
767 4148 879 4202 indutus
898 4148 1019 4215 Raulpo
1060 4150 1091 4201 16
1111 4147 1186 4201 senio
1206 4146 1333 4199 datiarum

187 4235 310 4304 intellepc
325 4252 408 4303 aeque
415 4236 578 4303 pendentem
590 4236 625 4288 ab
641 4236 752 4289 adsutus
767 4243 798 4291 at
813 4237 848 4289 ab
863 4237 966 4289 inditus
1007 4236 1038 4290 17
1054 4238 1081 4290 in
1098 4234 1259 4289 deteriorati
1273 4235 1337 4304 Erip

190 4325 222 4377 19
241 4325 358 4394 susperit
372 4324 410 4377 M
425 4326 465 4393 (ce
478 4342 500 4377 e.
513 4342 540 4377 u.
557 4324 621 4378 add.
638 4342 673 4379 na.
689 4328 712 4393 1)
760 4327 794 4379 24
814 4331 904 4379 autem
921 4325 1022 4379 addidi
1066 4326 1101 4376 25
1122 4328 1171 4378 est.
1192 4324 1238 4394 qui
1253 4324 1336 4392 airino

215 4432 345 4473 xnxxvrr.
359 4432 419 4473 rere.
436 4432 479 4472 rrr.
1265 4411 1300 4463 ⁴26
