3250 4959
313 372 378 436 268
536 367 654 433 Quinti
674 369 816 438 Septimi
834 368 1006 424 Florentio
1025 368 1229 422 Tertulliani

313 564 494 648 subiungit:
518 583 585 648 ego
604 564 868 630 testimonium
888 564 971 629 dico
992 562 1034 628 de
1052 584 1118 639 me,
1139 569 1175 629 et
1193 565 1451 629 testimonium

312 671 410 735 dicit
433 671 477 735 de
501 690 555 735 me
580 672 643 752 qni
666 691 722 736 me
745 672 854 736 misit
876 677 991 756 pater.
1017 671 1131 754 quodsi
1154 690 1235 736 nnus
1260 675 1356 748 esset,
1379 671 1449 734 dum

310 776 396 842 idem
415 781 516 843 estet
538 778 623 842 filius
649 782 681 843 et
703 783 802 862 pater,
827 798 887 844 non
908 782 1051 844 uteretur
1068 778 1149 862 legis
1168 778 1343 861 patrocinio
1361 777 1449 841 tidem

312 883 504 966 imponentis
527 902 588 949 non
616 885 711 949 nnius
739 885 934 962 testimonio,
962 885 1019 950 sed
1047 884 1193 950 duorum.
1221 885 1298 949 item
1326 884 1450 948 interro-

313 996 418 1074 gatus,
447 991 503 1056 nbi
532 994 618 1056 esset
644 994 743 1073 pater,
773 1011 875 1075 neque
904 1011 938 1056 se
967 1010 1067 1074 neque
1095 997 1216 1074 patrem
1249 994 1361 1056 notum
1388 1009 1450 1055 esse
1484 1011 1498 1050 ε

310 1096 376 1162 illis
407 1097 601 1180 respondens
633 1097 715 1163 duos
748 1097 827 1162 dixit
849 1099 987 1183 ignotos,
1013 1097 1108 1180 quod,
1137 1099 1164 1163 si
1187 1097 1293 1180 ipsum
1317 1102 1450 1164 nossent.

311 1208 434 1286 patrem
462 1207 604 1280 nossent,
632 1223 693 1268 non
722 1203 849 1285 quidem
878 1205 971 1286 quasi
993 1205 1061 1288 ipse
1085 1206 1172 1268 esset
1198 1207 1287 1286 pater
1310 1207 1342 1266 et
1364 1201 1451 1279 filius,

312 1309 370 1374 sed
402 1309 477 1392 quia
509 1329 565 1393 per
595 1310 855 1375 indiuiduitatem
887 1328 988 1392 neque
1026 1310 1154 1394 agnosci
1186 1327 1289 1393 neque
1321 1309 1451 1393 ignorari

312 1415 393 1479 alter
415 1416 483 1480 sine
506 1414 605 1480 altero
625 1419 742 1499 potest.
760 1416 986 1497 interpretante
1003 1415 1198 1481 extrinsecus
1217 1415 1376 1497 scriptura
1396 1433 1452 1480 non

312 1523 503 1605 cognouisse
521 1523 595 1587 illos
610 1523 695 1605 quod
715 1522 753 1586 de
773 1527 860 1606 patre
880 1522 1021 1598 dixisset,
1037 1559 1080 1568 —
1097 1523 1160 1605 qni
1179 1541 1245 1599 me,
1265 1523 1320 1601 ait,
1341 1523 1450 1598 misit,
1470 1545 1497 1584 m

312 1648 423 1693 nerax
456 1633 523 1703 est,
558 1633 595 1694 et
627 1649 694 1713 ego
720 1647 822 1718 ‚quae
856 1630 899 1694 eb
933 1648 974 1694 eo
1009 1628 1150 1707 audiui,
1184 1649 1225 1694 ea
1257 1633 1294 1694 et
1325 1630 1454 1712 loquor

311 1736 543 1802 inmundum
563 1755 699 1800 -cnm
723 1737 849 1801 scilicet
871 1754 1062 1821 cognoscere
1087 1736 1273 1802 debuissent
1296 1754 1452 1801 sermones

311 1842 409 1924 petris
433 1843 465 1907 in
489 1843 555 1907 filio
580 1862 660 1923 esse,
684 1843 819 1927 legendo
845 1843 929 1925 apud
951 1842 1161 1908 Hieremiam:
1191 1847 1227 1908 et
1249 1843 1346 1908 dixit
1367 1841 1453 1906 mihi

314 1948 502 2014 dominns:
526 1969 613 2016 ecco
636 1949 722 2014 dedi
746 1968 936 2014 sermones
956 1968 1056 2014 meos
1081 1950 1115 2014 in
1136 1968 1174 2015 os
1198 1953 1304 2014 tuum
1324 1952 1358 2013 et
1375 1947 1452 2032 apud

311 2054 454 2122 Esaiam:
497 2056 670 2121 dominns
709 2056 772 2121 dat
809 2057 901 2120 mihi
938 2056 1105 2140 linguam
1148 2056 1375 2139 disciplinae
1411 2054 1495 2119 adn

312 2163 627 2245 cognoscendum,
671 2163 818 2244 quando
857 2167 1032 2245 oporteat
1074 2162 1198 2228 dicere
1234 2181 1450 2238 sermonem,

311 2267 397 2332 sicut
428 2270 497 2352 ipse
529 2289 654 2335 rursus:
688 2273 786 2349 tnnc,
819 2270 932 2352 inquit,
971 2271 1225 2354 cognoscetis,
1259 2269 1354 2353 quod
1388 2287 1452 2351 ego

311 2375 381 2438 sim
406 2379 442 2441 et
461 2396 479 2441 a
497 2378 720 2460 memetipso
744 2377 841 2442 nihil
864 2379 1007 2460 loquer,
1032 2377 1097 2442 sed
1122 2377 1224 2443 siout
1247 2395 1302 2440 me
1327 2375 1451 2440 docuit

311 2483 461 2567 (pates)
483 2485 536 2548 ita
560 2486 596 2548 et
618 2485 761 2566 loquor,
782 2484 870 2566 qnia
888 2487 924 2549 et
944 2484 1007 2566 qui
1026 2503 1082 2548 me
1102 2484 1209 2548 misit
1226 2501 1370 2548 mecum
1388 2483 1452 2556 est,

311 2594 344 2654 et
366 2591 426 2656 hoc
450 2590 489 2655 ed
518 2591 736 2656 testimonium
763 2591 1000 2656 indiuiduorum
1031 2590 1174 2655 duorum.
1203 2591 1280 2656 item
1308 2589 1340 2654 in
1365 2587 1452 2653 alter·
1471 2608 1498 2648 so

311 2697 434 2762 catione
464 2699 656 2764 ludaeorum
689 2698 888 2781 exprobrans,
922 2696 1007 2780 qnod
1040 2697 1183 2762 occidere
1217 2717 1290 2762 enm
1323 2694 1454 2760 uellent:

312 2822 391 2886 ego,
415 2805 529 2885 inquit,
557 2823 650 2886 qnae
674 2804 755 2869 nidi
779 2823 894 2888 penes
922 2808 1067 2887 patrem
1098 2823 1219 2868 meum
1246 2805 1392 2886 loquor,
1420 2807 1454 2865 et

312 2929 380 2976 uos
414 2912 511 2992 quod
539 2911 697 2976 uidistis
725 2929 839 2994 penes
867 2917 1011 2994 patrem
1043 2914 1213 2976 nestrum
1246 2909 1285 2973 id
1313 2908 1454 2974 facitis·

312 3021 358 3080 et:
396 3037 492 3082 nuno
525 3017 647 3083 uultis
681 3017 855 3083 occidere
888 3018 1075 3083 hominem
1108 3018 1313 3083 ueritatem
1347 3015 1453 3080 nobis

311 3125 493 3196 locutum,
518 3143 625 3205 quam
650 3124 801 3190 audiuit
824 3144 843 3188 e
866 3125 945 3202 deo,
970 3128 1016 3190 et:
1046 3125 1078 3189 si
1103 3124 1195 3189 dens
1220 3125 1324 3188 esset
1350 3126 1454 3206 pater
1471 3143 1498 3183 ee

311 3234 451 3309 uester,
475 3231 713 3297 dilexissetis
734 3251 804 3306 me;
830 3249 896 3315 ego
917 3232 1012 3296 enirn
1033 3249 1073 3295 ex
1093 3229 1159 3296 deo
1185 3230 1284 3296 exiui
1304 3233 1342 3294 et
1360 3229 1452 3304 ueni,

354 3434 358 3443 ·
401 3421 426 3491 l]
447 3421 504 3476 loh.
529 3421 554 3485 8,
576 3421 617 3474 18.
672 3421 700 3490 4]
721 3419 755 3473 cf.
775 3421 857 3473 Dent.
884 3421 925 3488 17,
945 3422 969 3476 6.
1044 3420 1078 3474 ci.
1102 3420 1205 3480 Ich.8.
1228 3420 1269 3474 19.
1321 3419 1348 3490 6]
1367 3419 1400 3474 ei.
1417 3417 1453 3472 ib.

310 3510 338 3579 9]
358 3510 417 3564 Inh.
436 3511 461 3578 8,
481 3510 524 3562 26.
594 3509 638 3577 12]
660 3507 772 3562 ciioh.
793 3509 820 3576 8,
840 3509 883 3562 21.
950 3509 994 3580 13]
1014 3509 1088 3563 Hier.
1109 3509 1132 3576 1,
1152 3511 1176 3562 9.
1241 3509 1284 3578 lo]
1304 3509 1348 3563 Ει.
1368 3509 1452 3566 584.

313 3598 434 3669 1711011.
454 3599 542 3663 828.
598 3598 644 3667 22]
665 3596 723 3650 Ioh.
743 3601 768 3660 8,
787 3597 831 3651 38.
886 3597 930 3666 24]
951 3597 1009 3651 ioh.
1029 3597 1056 3660 8,
1075 3599 1118 3652 40.
1174 3598 1220 3667 25]
1241 3597 1299 3650 ioh.
1320 3597 1345 3660 8,
1364 3597 1404 3650 42.

347 3729 362 3778 5
377 3729 456 3793 pater
469 3741 520 3778 om.
531 3722 561 3775 F
603 3724 619 3776 6
630 3721 739 3790 ignotos
749 3721 818 3787 Pol,
830 3738 887 3775 esse
897 3723 1006 3791 ignotos
1016 3722 1047 3774 F
1094 3723 1212 3791 ignotos,
1224 3721 1304 3791 qnod,
1314 3723 1338 3774 ei
1347 3718 1454 3786 scripsi:

311 3814 427 3882 ignotos.
447 3813 545 3882 quodsi
563 3811 646 3880 culpo
697 3811 713 3866 8
728 3810 949 3866 indiuiduitatem
963 3811 1026 3874 ΡΒ,
1045 3811 1219 3864 indininitate
1234 3811 1261 3863 P
1279 3814 1357 3878 (corr.
1372 3809 1406 3864 Ro
1421 3807 1457 3861 M

310 3905 390 3970 (corr.
404 3908 478 3967 md)
506 3895 510 3902 ’
547 3901 579 3955 10
597 3899 684 3954 eocrba
708 3901 753 3970 qui
771 3900 879 3953 mc—in
898 3899 1038 3962 mnndum,
1058 3901 1176 3968 quaein
1194 3899 1273 3952 tibris
1290 3915 1352 3953 nese.
1366 3897 1453 3968 panio

310 4008 398 4060 supra
426 3992 443 4046 1.
470 3995 488 4044 9
510 3996 576 4058 poet
602 3995 695 4060 potest
723 3991 857 4058 tepenter,
886 3990 938 4044 truc
966 3990 1126 4058 transposui
1182 3989 1214 4042 13
1242 3991 1328 4058 patris
1357 4005 1405 4042 cm.
1428 3985 1457 4040 F

313 4080 524 4134 l5mihidatF
568 4081 600 4134 18
616 4080 855 4149 memetipsoPM,
869 4096 912 4134 me
925 4078 1026 4150 ipsoF
1070 4081 1102 4133 19
1113 4077 1300 4150 pateraddtds'
1354 4093 1453 4130 mecum

311 4177 360 4222 eet.
380 4173 408 4223 et
426 4169 478 4224 hoc
495 4170 581 4239 sculpo
643 4170 675 4221 21
698 4184 758 4221 enm
778 4169 881 4221 uellent
899 4185 950 4222 om.
964 4169 995 4222 F
1056 4167 1090 4220 22
1109 4169 1341 4235 meum—patrem
1360 4182 1409 4219 om.
1428 4163 1457 4218 F

310 4259 345 4312 24
364 4258 509 4312 ueritatem
528 4274 580 4312 om.
600 4259 626 4310 P
644 4257 721 4322 (add.
740 4257 768 4310 R
786 4257 818 4309 irc
837 4273 887 4325 my.
906 4273 939 4310 ex
957 4256 1164 4328 Hirsaupienci)
