3250 4959
412 407 475 463 Vll
493 406 662 462 Aduersus
680 403 881 464 Iusionem
898 405 947 464 lrb.
965 406 1022 462 1111
1041 406 1085 463 20.
1251 410 1318 478 485

164 605 354 672 bellatorem
376 603 551 687 praedicari
578 605 684 688 putas,
713 621 775 668 non
802 601 939 687 figurate
965 620 1023 668 nse
1052 603 1233 688 elegentes,
1261 605 1318 688 qui

164 712 287 778 bellum
314 710 456 795 spiritale
484 709 639 776 aduersus
668 709 829 794 spiritales
851 709 963 776 hostes
985 708 1123 794 spiritali
1145 709 1262 775 militia
1284 715 1318 777 et

163 817 362 902 spiritalibus
386 817 484 884 armis
508 817 695 902 spiritaliter
718 815 937 882 debellaturus
961 819 1058 896 esset,
1088 835 1161 882 eum
1189 815 1316 884 iuuenis

162 925 195 990 in
210 943 273 992 uno
287 925 416 991 homine
430 923 670 990 multitudinem
686 921 877 990 daemonum
894 923 1054 1009 legionem
1073 942 1108 989 se
1125 924 1316 1010 professum,

129 1031 275 1114 entique
294 1030 482 1116 spiritalem,
502 1031 589 1097 disee
610 1033 642 1096 et
665 1029 829 1097 Christum
852 1031 1100 1115 expugnatorem
1123 1030 1316 1115 spiritalium

161 1138 315 1218 hostium,
344 1137 530 1222 spirituliter
557 1141 715 1204 armatum
744 1138 777 1202 st
803 1136 991 1221 spiritaliter
1011 1136 1201 1205 bellioosum
1224 1137 1317 1204 intel·

159 1245 342 1329 legendum,
375 1248 471 1328 atque
502 1245 549 1310 itu
580 1244 688 1328 ipsum
721 1261 802 1324 esse,
836 1244 892 1327 qui
924 1263 997 1311 oum
1029 1243 1156 1331 legione
1188 1263 1316 1329 quoque

161 1351 352 1418 daemonum
375 1356 443 1418 erat
460 1350 682 1431 dimicaturus,
701 1353 739 1416 ut
757 1354 790 1418 st
808 1352 847 1417 de
865 1351 928 1418 boe
944 1351 1031 1418 bello
1048 1352 1193 1446 psalmus
1211 1353 1318 1436 possit

159 1459 264 1524 uideri
285 1459 523 1542 pronuntiasse:
543 1456 728 1524 domiuus
753 1457 933 1538 ualidus,
956 1457 1143 1524 dominus
1166 1461 1315 1542 potens

114 1587 142 1632 ιο
160 1564 200 1630 in
223 1565 347 1630 bello.
370 1583 442 1630 nam
463 1583 536 1630 eum
555 1565 671 1631 ultimo
690 1564 794 1646 hoste,
814 1567 929 1644 morte,
946 1565 1159 1648 proeliaturus
1178 1583 1235 1648 per
1252 1568 1315 1634 tre

159 1690 276 1756 paenm
296 1671 399 1738 oruois
418 1671 641 1754 triumphauit.
660 1671 753 1738 ouius
772 1674 880 1738 sutem
900 1670 952 1736 dei
969 1670 1071 1736 filiurn
1086 1672 1194 1736 Iesum
1208 1672 1316 1760 ‘legio'

159 1781 298 1846 testutns
321 1781 393 1844 est?
415 1779 484 1845 sino
507 1779 604 1845 dnbio
629 1779 721 1844 ouius
744 1781 904 1845 tormenta
927 1781 960 1844 et
987 1779 1138 1863 abyssum
1162 1785 1316 1846 nouerant

160 1889 194 1949 et
215 1886 380 1951 timebant.
403 1903 462 1951 neo
489 1885 573 1952 enim
602 1885 752 1950 uidentur
777 1903 874 1968 posse
901 1884 1067 1969 ignorasse
1096 1885 1200 1951 sdbue
1228 1885 1315 1969 quod

159 1991 236 2057 noni
260 1996 292 2058 st
313 1992 417 2078 ignoti
440 1990 490 2058 dei
518 1993 623 2058 uirtus
652 1995 837 2075 operaretur
862 1993 894 2058 in
922 1992 1009 2068 terri,
1037 1992 1113 2076 quis
1139 1991 1315 2058 uerisimile

113 2117 141 2159 rs
162 2116 223 2165 non
253 2101 303 2166 ost
331 2103 504 2166 creatorem
533 2099 710 2185 ignorasse.
738 2099 767 2164 si
788 2097 879 2165 'enim
908 2099 1006 2165 ulium
1034 2117 1132 2182 supra
1159 2117 1196 2165 se
1217 2101 1313 2165 deum

158 2205 360 2290 ignorunerat
383 2206 565 2290 aliqnando,
588 2207 695 2271 tamen
718 2205 782 2272 iam
805 2205 888 2272 infra
905 2206 1028 2272 eaelum
1048 2224 1143 2271 suum
1162 2209 1311 2291 agentern

158 2311 271 2394 utique
295 2315 501 2394 compererat.
526 2312 610 2396 quod
634 2314 741 2378 antem
767 2311 915 2378 dominus
939 2312 1156 2397 comperisset,
1185 2312 1250 2377 iam
1280 2316 1316 2378 et

158 2417 326 2484 uniuersae
353 2417 494 2485 familiae
520 2419 699 2486 innotuisse
728 2439 778 2486 see
804 2419 837 2484 in
869 2420 980 2485 eodem
1012 2419 1131 2486 mundo
1163 2422 1196 2486 et
1226 2420 1310 2485 intra

159 2523 294 2590 eundem
317 2524 473 2591 ambitum
497 2525 586 2604 eseli,
607 2544 669 2609 quo
693 2526 859 2612 peregrina
877 2525 1040 2606 diuinitus,
1060 2529 1312 2593 souuemaretnr.

110 2652 140 2693 ss
158 2630 191 2695 in
216 2635 368 2714 qusntnm
392 2650 467 2718 ergo
492 2634 525 2697 et
552 2635 674 2698 creator
701 2632 817 2698 suisset
844 2652 914 2698 eam
942 2636 976 2699 et
1002 2633 1203 2700 substantiae
1230 2633 1312 2712 sius,

160 2737 188 2804 si
220 2737 349 2816 fnisset,
381 2739 414 2804 in
446 2741 570 2805 tantum
600 2739 689 2805 nulla
718 2740 792 2820 fuit,
822 2740 985 2824 quianon
1015 2740 1113 2806 alium
1141 2741 1311 2807 daemones

158 2843 303 2910 seiebsnt
330 2865 426 2928 quam
453 2845 504 2912 dei
537 2846 588 2912 sui
622 2844 796 2912 Christum.
830 2865 892 2912 nou
926 2847 1011 2912 anim
1043 2846 1239 2932 depetsrsnt,
1270 2848 1310 2913 eb

157 2951 221 3016 elio
235 2951 320 3035 quod
334 2952 556 3019 meminissent
569 2953 742 3036 petendum
759 2952 860 3034 sibi,a
874 2956 1024 3032 creatore,
1043 2953 1170 3019 ueniam
1186 2954 1313 3021 scilieet

157 3057 264 3142 abyssi
297 3059 459 3124 creatoris.
493 3059 626 3143 denique
660 3060 920 3143 impetrauerunt.
959 3079 1023 3143 quo
1060 3061 1198 3126 merito?
1235 3062 1312 3144 quia

110 3181 138 3225 ss
156 3164 283 3229 mentiti
306 3167 404 3243 erant,
429 3165 505 3248 quia
531 3166 619 3232 saeui
649 3166 699 3232 dei
727 3166 830 3231 filium
854 3184 928 3231 eum
949 3167 1114 3233 fecerant?
1141 3170 1175 3232 st
1203 3167 1309 3250 qualis

156 3271 217 3336 erit
235 3271 290 3354 qui
308 3273 461 3338 mentitos
480 3273 622 3352 iuuabat,
643 3273 699 3356 qui
715 3273 907 3340 infamantes
926 3273 1128 3340 sustinebat?
1146 3274 1203 3340 sed
1222 3275 1308 3340 eninr

156 3377 230 3461 quia
244 3377 370 3444 mentiti
383 3397 446 3444 non
466 3383 564 3457 erant,
584 3379 659 3462 quis
678 3379 772 3445 deum
792 3380 900 3463 abyssi
918 3383 951 3444 et
970 3397 1065 3446 suum
1083 3384 1308 3466 cognouerant,

244 3497 520 3568 4]et.1.ne.8,30.
574 3500 604 3570 e]
620 3499 667 3554 rs.
685 3500 730 3563 se,
748 3500 774 3558 a.
832 3498 876 3569 ro]
895 3500 930 3554 er.
947 3499 962 3554 1
979 3499 1041 3558 eor.
1060 3500 1103 3566 15,
1117 3501 1161 3557 aa.
1211 3500 1258 3572 12]
1273 3500 1309 3558 sa

154 3587 221 3642 nus.
240 3587 266 3655 s,
285 3588 329 3643 ar.
383 3587 432 3659 ns]
452 3587 485 3642 er.
503 3587 541 3644 re.
595 3588 642 3659 or]
661 3587 697 3644 er.
713 3589 780 3644 nne.
796 3589 824 3658 a,
842 3590 958 3645 ss-ae.

192 3695 205 3747 1
225 3693 375 3765 (propris)
390 3693 543 3764 praedicari
555 3696 626 3763 sort.
712 3695 870 3766 praedicere
888 3694 926 3750 Μ
989 3697 1006 3751 8
1024 3700 1056 3751 ut
1075 3699 1104 3752 et
1120 3695 1158 3761 Β,
1177 3699 1207 3751 et
1222 3699 1255 3752 ut
1272 3695 1310 3752 Μ

155 3782 190 3838 10
207 3782 390 3853 praeliaturus
408 3781 451 3848 Μ,
470 3783 620 3853 proeliatus
638 3783 667 3839 R
737 3784 881 3857 tropheum
900 3784 974 3842 Mle
1042 3786 1076 3841 12
1094 3789 1214 3841 testatus
1231 3783 1308 3842 MR¹

155 3871 241 3942 (legio
260 3895 294 3918 =
314 3869 328 3925 t
347 3869 466 3943 tepetis),
483 3875 588 3928 testata
605 3871 647 3929 13⁸
654 3874 740 3944 welpo
817 3875 852 3930 13
869 3873 1000 3929 uidentur
1016 3874 1064 3941 R',
1082 3875 1216 3931 uidebant
1232 3873 1308 3932 ΜΒ1

156 3960 190 4014 15
208 3975 291 4030 suprs
309 3976 339 4016 se
351 3959 400 4026 R',
419 3977 561 4032 superasse
572 3959 648 4017 MR¹
698 3962 732 4017 18
749 3962 903 4018 innotuisse
916 3963 987 4028 ΜΡ,
1005 3964 1172 4019 innotuisset
1184 3965 1307 4036 Reoalpe

155 4049 289 4106 imaum
305 4051 434 4120 maed:
453 4051 600 4117 debuisset,
619 4054 651 4105 nt
669 4067 739 4122 quae
756 4052 930 4109 intmoidteoe
944 4060 1015 4123 pato
1096 4055 1127 4110 21
1149 4055 1226 4109 nulls
1242 4053 1306 4120 ruit,

155 4139 220 4210 qnia
236 4139 349 4208 scripsi:
367 4139 432 4209 qnia
449 4140 526 4194 nulls
542 4139 596 4195 fnit
613 4139 676 4197 MR
711 4142 747 4196 22
767 4143 838 4198 enirn
857 4159 909 4201 om.
927 4142 966 4198 M
1017 4143 1179 4215 depeterent
1195 4142 1243 4214 (=
1261 4144 1306 4198 dr·

150 4228 353 4297 precarentur),
371 4225 405 4282 ab
425 4228 479 4282 alio
497 4229 611 4299 scripse
629 4227 763 4300 depetunt
780 4229 816 4286 sb
830 4230 885 4286 alio
897 4229 968 4296 ΜΒ,
986 4233 1114 4303 peterent
1131 4230 1166 4285 sb
1179 4231 1233 4287 alio
1252 4231 1307 4286 Urs

155 4315 191 4370 23
209 4313 263 4370 sibi
282 4331 298 4370 s
315 4320 437 4371 ereotoro
454 4317 540 4388 welpo
594 4317 628 4372 27
648 4321 834 4389 cognouerant
850 4317 899 4389 13³,
918 4321 1106 4391 cognoberunt
1122 4319 1198 4377 MR*
