3250 4959
399 404 459 458 VII.
479 405 645 479 Aduersus
664 406 862 461 Marcionem
881 406 928 460 lib.
948 405 1101 461 11113-4.
1256 412 1319 473 429

169 600 317 682 estuari,
341 601 373 665 in
393 605 517 666 tantum
537 602 704 685 praecedat
723 621 852 666 necesso
876 607 926 666 est
943 602 1062 666 ueritas
1087 603 1213 668 falsum,
1236 603 1319 686 prior

170 706 300 773 eritrea
318 709 467 790 passione
487 712 519 773 θῖ
537 710 667 774 materia
687 708 908 773 aemulatione.
933 708 1073 792 alioquin
1098 729 1192 791 quam
1212 709 1319 772 absur-

170 812 259 892 dum,
287 818 334 893 ut,
364 816 391 878 si
416 820 561 880 nostrum
587 815 749 898 antiquius
771 815 1024 897 probauerimns,
1048 816 1220 879 Marcionis
1244 834 1319 880 uero

168 922 340 1002 posterius,
366 925 397 986 et
420 925 563 987 nostrum
589 927 660 986 ante
684 922 833 986 uideatur
854 923 972 987 falsum
998 941 1092 1003 quam
1116 921 1263 986 habuerit
1283 921 1320 986 de

135 1028 305 1092 auoritate
334 1028 510 1104 materiam,
545 1032 577 1093 et
604 1028 772 1094 Marcionis
801 1032 874 1093 ante
903 1028 1050 1092 credatur
1077 1030 1320 1093 aemulationem

170 1137 325 1200 anostro
359 1139 521 1217 expertum
557 1155 651 1218 quam
685 1138 717 1200 et
745 1135 867 1200 editum
900 1138 933 1199 et
960 1139 1121 1217 postremo
1152 1135 1185 1198 id
1213 1135 1319 1199 uenus

170 1241 379 1321 existimetur,
400 1241 485 1324 quod
505 1246 554 1306 est
574 1244 686 1319 serius,
707 1245 781 1326 post
800 1245 850 1307 tot
868 1262 904 1306 ao
922 1245 1012 1306 tanta
1030 1242 1094 1305 iarn
1113 1260 1208 1323 opera
1227 1244 1321 1322 atque

170 1347 361 1414 documenta
376 1347 573 1415 Christianae
593 1349 756 1433 religionis
777 1351 904 1414 saeculo
926 1348 1021 1415 edita.
1042 1368 1122 1430 quae
1142 1347 1191 1412 edi
1210 1348 1321 1429 utiquo

169 1473 231 1518 non
258 1456 440 1536 potuissent
468 1455 535 1519 sine
564 1456 722 1539 euangelii
749 1456 895 1521 ueritate.
925 1455 957 1518 id
986 1458 1035 1519 est
1063 1458 1135 1519 ante
1165 1454 1321 1539 euangelii

122 1581 150 1623 1o
170 1561 350 1625 ueritatem.
382 1562 466 1644 quod
495 1582 570 1646 ergo
598 1564 737 1644 pertinet
760 1563 799 1627 ad
824 1563 1026 1644 euangelium
1054 1562 1180 1625 interim
1204 1561 1320 1637 Lucae,

170 1673 328 1749 quatenus
354 1669 535 1733 communio
560 1670 628 1734 eins
653 1670 735 1733 inter
757 1689 815 1734 nos
845 1673 878 1733 et
900 1670 1094 1734 Marcionem
1124 1668 1161 1733 de
1185 1668 1320 1732 ueritate

171 1772 338 1858 disceptat,
373 1776 450 1840 adeo
481 1776 643 1859 antiquins
672 1776 843 1841 Marcionis
873 1779 923 1840 est
951 1776 1034 1857 quod
1063 1778 1112 1839 est
1144 1774 1318 1839 secundnm

169 1900 238 1957 nos,
263 1885 299 1944 ut
323 1884 354 1945 et
373 1882 442 1966 ipse
461 1882 510 1945 illi
530 1883 670 1946 Marcion
691 1882 859 1965 aliquando
880 1882 1058 1960 crediderit,
1083 1902 1155 1946 curn
1176 1886 1208 1947 et
1225 1900 1320 1963 pecu·

170 1986 254 2051 niam
278 1988 309 2051 in
333 1989 437 2071 primo
463 1990 566 2055 calore
589 1989 662 2054 fidei
688 1990 863 2054 catholicae
892 1991 1045 2053 ecclesiae
1075 1990 1220 2061 contulit,
1251 2006 1319 2072 pro·

124 2114 150 2153 ra
169 2092 286 2157 iactam
310 2114 382 2159 mox
406 2114 479 2160 cum
501 2097 583 2179 ipso,
608 2100 815 2179 posteaquam
839 2096 871 2159 in
891 2096 1046 2159 haeresim
1066 2114 1155 2159 suam
1176 2099 1320 2160 anostra
1350 2128 1355 2139 ι

168 2200 304 2266 ueritate
329 2201 451 2266 desciit
476 2204 553 2285 quid
576 2222 670 2279 nunc,
696 2204 723 2268 si
747 2203 934 2286 negauerint
952 2203 1160 2267 Marcionitae
1185 2202 1319 2283 primam

170 2305 255 2390 apud
278 2326 335 2371 nos
359 2308 452 2371 iidem
478 2308 546 2372 eius
567 2308 720 2373 aduersus
740 2309 910 2391 epistolam
935 2328 1060 2391 quoquo
1084 2309 1207 2391 ipsius?
1233 2308 1319 2390 quid,

170 2414 197 2477 si
214 2432 271 2478 nec
286 2414 454 2495 epistolam
472 2416 679 2498 agnouerint?
692 2420 775 2480 certe
786 2416 987 2481 ‘Antithesis'
997 2436 1057 2480 non
1072 2415 1166 2479 modo
1182 2414 1321 2479 latentur

169 2520 340 2585 Marcionis
372 2520 428 2584 sed
457 2525 489 2585 et
511 2523 701 2602 praeierunt.
727 2541 763 2586 er
786 2523 835 2586 his
860 2522 938 2586 mihi
967 2522 1109 2604 probatio
1139 2521 1267 2585 suflicit.
1292 2521 1320 2583 si

123 2647 151 2686 ro
172 2627 255 2690 enim
277 2627 311 2691 id
336 2628 549 2711 euangelium,
574 2629 658 2711 quod
682 2629 785 2693 Lucae
810 2631 945 2693 refertur
962 2649 1059 2710 penes
1078 2648 1145 2705 nos,
1172 2627 1320 2691 -uide-

170 2734 271 2797 rimus
300 2753 337 2797 an
370 2738 403 2798 et
433 2753 528 2817 penes
552 2736 745 2799 Marcionem
778 2773 815 2782 -
846 2736 953 2818 ipsum
982 2740 1042 2814 est,
1072 2735 1157 2816 quod
1178 2734 1320 2798 Marcion

171 2858 227 2920 per
251 2839 431 2905 Antithesis
461 2860 534 2905 suas
569 2843 676 2926 arguit
707 2846 743 2907 ut
775 2843 1002 2925 interpolatum
1036 2862 1054 2905 a
1085 2841 1318 2925 protectoribus

170 2944 324 3011 Iudaismi
344 2948 382 3011 ad
403 2950 715 3031 concorporationem
733 2949 816 3031 legis
837 2953 868 3012 et
887 2949 1123 3031 prophetarum,
1140 2967 1202 3031 quo
1222 2948 1319 3011 etiam

172 3052 335 3117 Christum
358 3054 432 3117 inde
457 3054 680 3138 contingerent,
706 3056 817 3137 utique
841 3076 901 3119 non
925 3056 1085 3138 potuisset
1108 3073 1239 3137 arguere
1259 3053 1319 3117 nisi

126 3182 153 3222 as
174 3159 258 3240 quod
285 3160 461 3225 inuenerat.
491 3180 582 3225 nemo
612 3166 686 3243 post
713 3162 819 3225 futura
846 3161 1056 3243 reprehendit,
1090 3181 1168 3244 quae
1196 3161 1320 3242 ignorat

171 3266 288 3330 futura.
314 3266 492 3332 emendatio
513 3269 638 3350 culpam
659 3288 719 3333 non
739 3268 908 3332 antecedit.
933 3266 1117 3332 emendator
1134 3286 1207 3329 sane
1227 3286 1319 3330 enan·

172 3372 247 3455 gelii
266 3392 284 3435 a
303 3372 478 3438 Tiberianis
498 3394 600 3457 usque
620 3376 657 3439 ad
673 3376 884 3440 Antoniniana
901 3379 1043 3457 tempora
1059 3373 1163 3438 euersi
1179 3372 1318 3436 Marcion

172 3479 260 3543 solus
285 3482 317 3543 et
340 3480 461 3561 primus
486 3482 625 3559 obuenit,
655 3486 839 3564 expectatus
863 3482 985 3545 tamdiu
1011 3500 1029 3543 a
1053 3481 1188 3557 Christo,
1215 3478 1319 3560 paeni·

171 3588 257 3649 tante
284 3586 359 3663 iarn,
391 3587 475 3668 quod
499 3588 661 3669 apostolos
685 3588 887 3669 praemisisse
911 3590 1114 3671 properasset
1141 3587 1208 3649 sine
1232 3604 1320 3668 prae-

126 3714 153 3754 eo
173 3690 254 3755 sidio
277 3692 460 3757 Marcionis.
489 3693 550 3757 nisi
580 3694 663 3777 quod
692 3696 849 3759 hnmanae
878 3695 1078 3765 temeritatis,
1107 3714 1168 3757 non
1194 3692 1319 3755 diuinae

173 3798 371 3863 auctoritatis
401 3800 563 3884 negotium
590 3810 639 3865 est
662 3803 813 3880 haeresis,
840 3822 919 3884 quae
949 3802 994 3865 sic
1019 3820 1144 3881 semper
1175 3798 1321 3863 emendat

210 4042 240 4094 11
259 4042 385 4110 quatinus
399 4044 437 4096 M
471 4046 503 4097 12
523 4046 669 4099 Marcionis
685 4050 731 4111 (sc.
751 4048 906 4114 eucapelio)
922 4046 959 4114 N,
973 4046 1071 4099 marcio
1084 4044 1126 4101 M.
1142 4043 1277 4096 Marcione
1291 4041 1319 4096 R

173 4130 208 4182 13
221 4130 280 4198 ipse
295 4146 346 4184 om.
361 4131 397 4184 M
411 4134 452 4196 (ira
466 4150 517 4203 rap.
534 4134 598 4187 add.
613 4152 647 4187 ra.
663 4137 687 4203 1)
734 4137 767 4189 16
783 4136 880 4189 desciit
892 4136 963 4202 MR,
983 4135 1099 4187 desciuit
1112 4132 1167 4201 Rip
1214 4133 1246 4184 17
1262 4131 1319 4200 epi·

173 4218 271 4272 stolam
290 4219 332 4287 M,
353 4221 495 4289 epistulam
515 4223 542 4276 It
629 4226 663 4276 23
688 4241 739 4293 quo
763 4226 875 4292 scripsi:
899 4241 951 4292 qua
971 4222 1032 4277 MR
1122 4222 1184 4274 inde
1208 4222 1267 4275 scil.
1287 4236 1320 4274 ex

172 4306 319 4362 Iudaismo
374 4311 407 4362 27
429 4311 611 4365 Antoniniana
630 4312 676 4377 12³,
697 4316 845 4367 antoniana
862 4312 937 4366 ΜΗ1
