3250 4959
618 398 836 456 Praefatio.
1187 396 1295 467 XXII]

141 602 229 663 tanta
252 596 505 681 corruptelarum
533 594 739 661 multitudine
764 593 946 678 deprauatls
968 594 1016 659 iba
1038 593 1141 672 edera,
1172 578 1295 658 utnon

142 702 235 770 modo
260 704 388 789 possint
412 704 478 789 legi
512 702 570 769 sed
602 706 640 768 ut
671 704 704 767 et
736 702 993 767 emendationum
1024 701 1128 767 maior
1152 718 1227 783 pars
1253 699 1295 764 ab

142 810 291 878 omnibus
311 812 366 894 qni
384 811 597 895 sequebantur
612 808 786 875 editoribus
802 810 846 874 sit
858 808 1002 893 probata,
1020 808 1107 874 haud
1124 804 1296 873 mediocris

141 936 216 983 sane
241 918 345 984 antici
366 917 486 1003 ingenii
509 922 560 983 est
582 916 816 983 testimonium.
841 920 875 981 ιι
891 919 1035 982 mutasse
1054 916 1183 999 quidem
1201 915 1294 979 illum

139 1025 228 1090 haud
259 1044 330 1090 raro
363 1024 462 1089 uerba
493 1022 644 1103 auctoris,
677 1022 733 1089 ubi
761 1040 819 1089 nos
843 1041 880 1087 ex
902 1023 1018 1088 melius
1039 1024 1104 1088 iam
1126 1024 1296 1107 perspecto

140 1148 287 1196 sermone
324 1130 539 1196 Tertulliaueo
576 1130 722 1196 mutandi
757 1128 982 1195 necessitatem
1019 1146 1192 1214 agnoscere
1232 1144 1295 1193 uon

139 1254 326 1322 possumus,
365 1236 399 1302 id
435 1238 464 1302 ei
497 1236 621 1303 crimini
652 1238 777 1302 uertere
810 1236 1032 1302 obtrectatoris
1063 1236 1168 1321 magis
1198 1252 1294 1318 quam

138 1345 219 1411 iusti
246 1344 364 1409 iudicis
389 1362 460 1409 esse
483 1343 674 1427 putauerim.
703 1343 808 1427 magis
832 1343 963 1409 sanein
986 1361 1080 1408 ears
1103 1342 1181 1407 mibi
1206 1342 1294 1406 uitu-

137 1451 299 1535 perandus
323 1449 450 1515 uidetur
472 1450 653 1529 Rhenanus,
678 1449 764 1531 quod
786 1449 955 1534 permultis
976 1448 1067 1526 locis,
1090 1448 1147 1513 ubi
1170 1450 1297 1532 praeter

139 1560 288 1625 codicum
307 1558 530 1624 auctoritatem
550 1556 628 1641 qnid
647 1576 745 1623 ausus
765 1561 816 1623 est
832 1562 967 1637 mutare,
985 1558 1018 1621 in
1037 1555 1295 1621 adnotationibus

138 1666 279 1750 singulis
312 1664 402 1730 libris
430 1664 576 1748 praefixis
604 1662 638 1728 id
661 1682 908 1729 commemorare
930 1663 1079 1749 neglexit.
1111 1661 1186 1727 inde
1209 1661 1294 1727 enim

136 1771 332 1856 posteriores
353 1788 462 1836 omues
481 1802 525 1819 2-
544 1788 646 1854 neque
665 1768 748 1836 enim
771 1771 949 1855 Rigaltiam
971 1771 1025 1836 hic
1046 1768 1168 1853 excipio
1190 1784 1294 1852 nequa

139 1878 315 1943 Oehlerum
338 1878 437 1943 —in
462 1896 535 1942 eum
558 1877 739 1943 inciderunt
766 1896 913 1958 errorem,
941 1880 979 1943 ιιι
1000 1876 1144 1943 Rhenani
1170 1875 1292 1941 coniec-

138 1990 228 2050 turas
252 2002 309 2069 pro
333 1984 478 2050 codicum
502 1984 655 2050 memoria
678 1985 856 2069 acciperent
879 1985 912 2050 et
929 1984 1053 2051 mendis
1071 1984 1155 2049 malo
1173 2003 1192 2049 a
1207 1983 1290 2048 Rbe-

137 2112 219 2157 nano
242 2090 418 2156 emendetis
443 2108 535 2156 suam
559 2094 818 2173 superstruerent
840 2092 1102 2158 emendationem.
1123 2088 1292 2155 reminds

138 2218 156 2262 a
178 2198 320 2263 Martino
342 2196 485 2261 Mesuart
517 2214 625 2262 omnes
653 2215 710 2281 pro
733 2197 942 2264 fundamento
963 2199 1142 2280 posuerunt
1161 2194 1290 2261 tertiam

137 2303 293 2382 Rhenum,
312 2302 502 2388 primasius
522 2308 579 2369 aut
601 2304 729 2370 omnino
753 2305 900 2389 neglecta
918 2307 1052 2370 autnon
1072 2322 1109 2368 aa
1127 2319 1190 2386 qua
1208 2319 1289 2385 opus

137 2413 207 2475 erat
238 2408 404 2494 diligentia
434 2410 589 2493 inspecta,
623 2410 857 2476 Mesnartins
886 2410 1015 2494 quidem
1042 2412 1076 2475 et
1103 2406 1290 2480 Gelenius

135 2520 191 2597 ita,
206 2528 244 2584 ut
262 2517 456 2599 ubicumque
474 2534 558 2583 noua
571 2517 718 2583 codicum
734 2508 879 2583 subsidia
892 2518 1042 2584 adhibere
1055 2532 1117 2582 non
1130 2517 1288 2599 poterant,

135 2624 265 2690 tertiam
288 2623 431 2689 Rhsueni
462 2626 605 2708 repetere
638 2623 717 2691 satis
748 2624 920 2690 habuerint
949 2622 1037 2690 nulla
1063 2622 1209 2690 adbibita
1229 2636 1289 2686 sna

137 2748 223 2797 cura.
257 2747 295 2794 ac
319 2728 491 2795 Mesnartio
516 2728 645 2812 quidem
668 2728 702 2793 id
726 2734 810 2795 certe
832 2730 921 2796 laudi
944 2728 1082 2795 dandum
1109 2731 1170 2805 est,
1202 2725 1288 2810 quod

137 2852 359 2919 quaecumque
383 2834 494 2900 debuit
511 2834 675 2901 codicibus
695 2856 713 2900 a
731 2852 765 2902 se
784 2836 922 2921 primum
940 2836 972 2902 in
991 2836 1145 2901 auxilium
1162 2832 1288 2899 uocatis

137 2942 262 3008 uncinis
285 2940 477 3007 includenda
500 2942 626 3007 curauit
648 2946 682 3006 et
703 2943 760 3008 nbi
779 2933 888 3009 contra
904 2943 1048 3009 Rhenani
1065 2940 1288 3007 auctoritatem

137 3068 212 3115 suos
241 3047 370 3113 codices
397 3049 487 3130 sequi
512 3066 610 3115 ausus
633 3068 693 3113 non
723 3053 782 3127 est,
816 3050 921 3115 uarias
945 3068 1056 3115 eorum
1076 3048 1231 3113 lectiones
1253 3045 1286 3109 iu

137 3156 280 3239 margine
295 3153 468 3219 adnotauit.
488 3154 544 3218 sed
564 3174 637 3220 eum
655 3156 687 3220 in
706 3155 757 3220 his
775 3156 866 3219 libris
885 3155 1016 3221 edendis
1034 3156 1088 3220 bic
1103 3152 1172 3218 illic
1189 3150 1285 3217 stiam

135 3278 211 3327 suas
229 3261 428 3327 coniecturas
445 3259 501 3325 uel
519 3262 654 3346 margini
674 3262 883 3345 adscripsisse
904 3263 959 3327 uel
980 3263 1064 3327 inter
1084 3260 1185 3325 uerba
1200 3276 1285 3323 reos·

135 3368 222 3449 pisse
246 3386 321 3431 eum
346 3367 425 3432 satis
450 3372 648 3452 compertum
671 3369 757 3455 sit‚¹)
779 3369 866 3434 haud
884 3369 978 3435 facile
996 3368 1154 3433 incumbit
1171 3365 1285 3431 editori

135 3474 313 3559 negotium,
331 3476 369 3538 ιιι
382 3474 438 3540 ubi
457 3474 488 3539 id
507 3474 628 3540 factum
647 3476 691 3540 sit
710 3476 857 3556 chinon,
877 3494 913 3540 ex
927 3476 1127 3561 singulorum
1140 3474 1284 3537 locorum

135 3580 257 3647 ratione
294 3583 475 3665 eognoscat.
507 3580 738 3647 Mssnartienae
777 3583 909 3649 editioni
946 3600 1038 3647 snam
1073 3577 1285 3663 superstruxit

137 3684 404 3771 sigismundus
438 3686 634 3764 Gelenius,
667 3689 723 3773 qui
752 3690 815 3754 etsi
840 3688 925 3754 haud
951 3708 1071 3771 paucos
1094 3683 1284 3751 Tertulliani

134 3792 220 3859 locos
251 3792 519 3875 splendidissimis
542 3794 725 3861 emendauit
747 3795 892 3876 medelis,
920 3815 991 3861 meo
1016 3794 1144 3879 qnidam
1161 3790 1282 3857 iudicio

136 3899 206 3980 plus
231 3898 339 3965 obluit
361 3898 556 3967 Tertulliano
581 3920 676 3984 quam
698 3902 830 3985 profuit
848 3904 994 3987 neglecta
1012 3900 1096 3967 enim
1116 3920 1162 3979 ea,
1186 3914 1282 3981 quam

177 4124 198 4193 ¹)
219 4124 386 4196 Saepissime
407 4124 437 4180 id
460 4124 562 4181 iactum
586 4140 645 4182 asso
667 4128 695 4181 in
720 4128 759 4182 eis
781 4128 868 4198 libris,
893 4144 961 4200 quos
983 4128 1086 4199 primus
1105 4124 1194 4181 edidit
1209 4122 1281 4177 lies·

132 4216 237 4269 certine
258 4228 289 4268 ax
308 4230 357 4268 suo
377 4214 478 4270 ‘codice
496 4214 694 4270 uetustissimo¹
717 4220 790 4272 recte
813 4217 1065 4273 animaduerterunt
1082 4214 1281 4270 Klussmanaut

133 4308 159 4360 et
175 4302 426 4360 Reifferscheidius.
