3250 4959
387 404 446 459 VII.
467 406 633 461 Aduersus
651 406 850 461 Marcionem
869 406 916 460 lib.
935 406 1089 462 11113-4.
1244 412 1307 473 429

153 603 208 665 est
227 602 305 683 ueri,
329 603 361 666 in
381 606 505 668 tantum
525 603 692 686 praecedat
711 622 840 667 necesse
864 606 914 667 eat
931 604 1050 667 ueritas
1075 604 1200 668 falsum.
1224 603 1307 686 prior

154 706 219 772 erit
237 728 288 773 res
306 710 454 791 passione
474 713 507 774 et
525 710 655 774 materia
675 709 896 774 aemulatione.
921 709 1060 792 alioquin
1085 728 1180 791 quam
1200 709 1306 773 absur-

153 812 247 894 dum,
275 818 322 894 ut,
352 816 379 879 si
404 821 549 881 nostrum
575 816 737 898 antiquius
761 816 1012 897 probauerimus,
1036 816 1208 879 Marcionis
1232 834 1307 880 uero

151 924 328 1004 posterius,
353 926 385 987 et
408 927 551 988 nostrum
577 926 648 987 ante
673 923 821 987 uideatur
842 924 960 987 falsum
986 941 1079 1003 quam
1103 922 1251 986 habuerit
1271 921 1308 986 de

114 1051 128 1089 u
151 1029 293 1093 ueritate
322 1029 499 1105 materiam,
534 1033 565 1094 et
592 1030 760 1095 Marcionis
789 1033 862 1095 ante
891 1028 1038 1093 credatur
1064 1030 1308 1093 aemulationem

155 1155 177 1199 a
204 1140 313 1200 nostro
347 1140 509 1219 expertum
545 1156 640 1219 quam
674 1138 706 1201 et
733 1136 854 1201 editum
889 1140 921 1200 et
948 1140 1109 1218 postremo
1140 1135 1173 1199 id
1200 1135 1308 1199 uerius

155 1242 367 1323 existimetur,
388 1243 473 1325 quod
493 1246 543 1308 est
562 1244 675 1320 serius,
696 1247 769 1327 post
788 1247 892 1308 totae
911 1246 1001 1307 tanta
1018 1243 1082 1306 iam
1101 1260 1195 1324 opera
1215 1245 1310 1322 atque

155 1348 349 1415 documenta
364 1348 562 1415 Christianae
581 1350 744 1434 religionis
766 1352 893 1415 saeculo
915 1350 1009 1415 edita.
1030 1368 1109 1430 quae
1129 1348 1179 1413 edi
1197 1349 1309 1430 utique

155 1474 220 1519 non
247 1457 429 1537 potuissent
456 1457 523 1521 sine
553 1456 710 1539 euangelii
737 1457 884 1522 ueritate.
913 1455 945 1519 id
974 1458 1023 1519 est
1051 1458 1124 1519 ante
1152 1454 1309 1539 euangelii

103 1584 135 1624 rc
156 1563 339 1627 ueritatem.
370 1563 455 1645 quod
484 1583 558 1647 ergo
586 1564 725 1646 pertinet
748 1564 787 1628 ad
812 1562 1013 1645 euangelium
1042 1561 1168 1625 interim
1192 1561 1308 1638 Lucae,

157 1674 316 1750 quatenus
342 1670 523 1735 communio
548 1671 616 1734 eius
642 1672 803 1735 internos
834 1673 866 1734 et
889 1670 1082 1733 Marcionem
1112 1668 1149 1732 de
1173 1669 1308 1732 ueritate

157 1774 326 1858 disceptat,
361 1778 438 1842 adeo
469 1776 631 1859 antiquius
661 1777 831 1841 Marcionis
862 1780 911 1841 est
939 1776 1022 1857 qnod
1051 1780 1101 1839 est
1132 1774 1306 1839 secundum

156 1900 226 1959 nos,
251 1886 288 1945 ut
311 1885 343 1947 et
361 1883 431 1966 ipsc
450 1883 498 1947 illi
518 1884 659 1948 Marcion
679 1882 848 1965 aliquando
868 1881 1046 1960 crediderit,
1071 1902 1143 1945 cum
1164 1886 1196 1945 et
1213 1900 1309 1963 pecu·

157 1988 243 2052 niam
266 1989 298 2053 in
321 1990 426 2072 primo
451 1990 554 2055 calore
578 1990 652 2054 fidei
677 1991 851 2055 catholicae
880 1990 1033 2054 ecclcsiae
1063 1990 1208 2062 contulit,
1239 2008 1308 2071 pro·

107 2114 136 2155 rs
156 2094 274 2158 iectam
299 2115 371 2160 mox
395 2114 467 2161 cum
490 2098 572 2179 ipso,
597 2102 803 2180 posteaquam
827 2097 859 2159 in
879 2095 1034 2160 haeresim
1054 2115 1143 2159 suam
1164 2099 1308 2159 anostra
1338 2127 1343 2140 ι

156 2202 292 2266 ueritate
317 2201 439 2267 desciit
465 2204 540 2286 quid
565 2222 658 2279 nuno,
684 2206 711 2268 si
735 2203 923 2287 negauerint
940 2203 1149 2267 Marcionitae
1173 2202 1308 2283 primam

157 2306 243 2390 apud
267 2327 323 2372 nos
348 2308 441 2371 tidem
467 2309 535 2373 eius
555 2310 708 2373 aduersus
729 2310 899 2392 epistolam
923 2328 1048 2392 quoque
1073 2309 1196 2391 ipsius?
1221 2307 1307 2390 quid,

157 2415 186 2477 si
201 2433 259 2479 nec
275 2415 444 2496 epistolam
460 2417 668 2499 agnouerint?
680 2421 763 2480 certe
775 2417 975 2481 ‘Antithesis’
986 2436 1045 2481 non
1061 2416 1155 2479 modo
1170 2415 1309 2479 latentur

156 2521 328 2586 Marcionis
361 2522 417 2585 sed
446 2525 478 2585 et
500 2524 690 2603 praeierunt.
715 2542 751 2588 ex
774 2524 824 2587 his
848 2524 927 2587 mihi
955 2524 1097 2605 probatio
1128 2521 1255 2585 suflicit.
1280 2522 1308 2584 si

108 2650 137 2688 eo
159 2629 242 2692 enim
265 2628 300 2692 id
324 2628 538 2711 euangelium,
563 2629 647 2711 qnod
671 2630 774 2693 Lucae
798 2631 933 2693 refertur
951 2649 1047 2711 penes
1067 2648 1134 2705 nos,
1160 2664 1202 2673 -
1222 2628 1308 2691 nide-

158 2734 259 2798 rimus
289 2754 325 2799 au
360 2738 392 2799 et
422 2754 517 2816 penes
541 2736 734 2800 Marcionem
767 2773 803 2783 —
835 2737 941 2818 ipsum
970 2741 1030 2812 est,
1060 2735 1144 2817 quod
1167 2735 1307 2798 Marcion

158 2860 215 2921 per
240 2840 420 2905 Antithesis
450 2861 523 2907 suas
558 2844 665 2927 arguit
696 2847 732 2907 ut
763 2844 991 2925 interpolatum
1024 2861 1042 2905 a
1073 2841 1307 2925 protectoribus

157 2947 312 3012 Iudaismi
332 2947 371 3011 ad
392 2950 703 3032 concorporationem
722 2950 804 3031 legis
825 2952 857 3012 et
875 2949 1190 3031 prophetarumque
1211 2948 1308 3011 etiam

160 3052 324 3119 Christum
347 3054 421 3118 inde
446 3056 670 3139 contingerent,
694 3056 805 3137 utique
830 3075 890 3119 non
914 3056 1074 3138 potuisset
1097 3073 1227 3137 arguere
1247 3053 1308 3117 nisi

111 3184 140 3225 rs
161 3160 246 3242 quod
274 3160 450 3225 inuenerat.
480 3181 571 3226 nemo
600 3162 807 3243 postfutura
834 3162 1044 3243 reprehendit,
1078 3180 1157 3243 quae
1184 3161 1309 3242 ignorat

158 3267 277 3331 futura.
303 3267 481 3332 emendatio
502 3270 627 3351 culpam
648 3289 707 3333 non
727 3268 896 3332 antecedit.
922 3266 1106 3332 emendator¹
1123 3287 1196 3330 sane
1216 3286 1308 3329 euan-

160 3373 235 3457 gelii
255 3394 273 3437 a
291 3374 467 3439 Tiberianis
487 3394 589 3457 usque
609 3376 645 3439 ad
661 3376 873 3440 Antoniniana
890 3379 1033 3457 tempora
1048 3374 1152 3438 euersi
1167 3372 1306 3436 Marcion

159 3481 249 3544 solus
273 3484 305 3544 at
329 3481 450 3561 primus
475 3482 614 3560 obuenit,
644 3486 828 3565 expectatus
852 3482 974 3545 tamdiu
999 3501 1018 3544 a
1042 3481 1176 3557 Christo,
1204 3479 1308 3561 paeni-

158 3590 245 3650 tente
274 3588 348 3664 iam,
379 3587 464 3669 quod
488 3588 650 3669 apostolos
674 3589 876 3671 praemisisse
900 3591 1102 3671 properasset
1130 3585 1197 3650 sine
1221 3604 1308 3668 prae-

113 3718 139 3757 so
160 3692 242 3756 sidio
266 3692 447 3757 Marcionis.
477 3694 539 3757 nisi
569 3694 653 3777 quod
682 3696 838 3760 humanae
867 3695 1067 3769 temeritatis
1096 3713 1157 3757 non
1183 3692 1307 3756 diuinae

160 3798 360 3863 auctoritatis
391 3802 551 3885 negotium
579 3810 628 3866 est
651 3803 801 3880 haeresis,
828 3822 907 3884 quae
938 3803 983 3865 sic
1008 3821 1132 3881 semper
1163 3798 1310 3862 emendat

198 4044 229 4096 ll
247 4043 374 4111 quatinus
388 4044 426 4097 M
460 4047 492 4098 12
513 4046 658 4099 Marcionis
674 4050 720 4111 (sc.
740 4048 895 4114 mronpeIio)
911 4046 947 4113 N,
961 4047 1060 4099 marcio
1073 4044 1115 4099 M.
1131 4043 1266 4097 Marcione
1280 4041 1308 4096 R

162 4132 195 4185 13
209 4132 268 4199 ipse
284 4148 335 4185 cor.
350 4132 386 4185 M
399 4136 441 4197 (in
455 4152 506 4204 rap.
523 4135 587 4187 add.
603 4138 675 4202 rra-,ll
723 4138 755 4189 16
772 4135 869 4189 desciit
882 4135 952 4202 MR,
972 4135 1088 4187 desciuit
1101 4134 1156 4201 Rip
1202 4133 1234 4184 17
1251 4131 1307 4199 epi-

161 4220 260 4273 stolam
279 4220 321 4288 M,
342 4221 484 4291 epistulam
504 4224 531 4277 It
618 4226 651 4275 23
676 4242 728 4293 quo
752 4226 865 4292 scripsi:
888 4241 940 4292 qua
959 4222 1021 4277 MR
1111 4221 1173 4274 inde
1197 4222 1256 4275 scil.
1276 4236 1309 4274 ex

160 4308 308 4364 Irrdaa'cmo
362 4312 396 4363 27
418 4312 600 4365 Antoniniana
618 4312 665 4377 R³,
686 4316 834 4366 antoniana
851 4312 926 4366 Mle
