3250 4959
299 396 363 459 396
522 392 640 457 Quinti
660 392 800 462 Septimi
820 391 993 446 Florentia
1013 391 1220 446 Tertulliani

297 586 332 649 in
363 586 554 651 Christum
589 585 702 649 tincti
732 586 838 659 estis,
873 585 1065 651 Christum
1097 586 1355 651 induistis-
1378 591 1444 650 tam

298 693 421 774 proprie
446 696 497 756 est
520 691 666 757 Christus
687 692 719 755 in
739 692 969 775 significatione
992 692 1139 769 nominis,
1159 693 1242 775 quod
1261 698 1312 757 est
1328 694 1444 758 ‘uobis-

298 817 370 862 cum
390 799 490 873 deus',
506 818 600 879 qnam
619 800 651 862 in
672 816 748 862 sono
768 798 914 875 nominis,
935 799 1019 879 quod
1039 804 1088 863 est
1106 800 1325 865 Emmauuhol.
1349 804 1444 881 atque

296 905 341 969 ita
369 908 495 969 constat
516 905 644 970 uenisse
667 905 730 968 iam
755 904 857 980 illum,
882 905 935 985 qni
960 904 1201 985 praedicabatur
1222 905 1443 980 Emmanuhel,

297 1010 370 1093 quia
389 1010 473 1093 quod
492 1010 652 1095 significat
670 1010 879 1076 Emmannhel
898 1010 996 1087 uenit,
1014 1010 1048 1074 id
1073 1014 1122 1075 est
1145 1012 1322 1075 ‘nobiscnm
1343 1012 1443 1077 deus.
1475 1038 1488 1076 s

344 1118 394 1184 13.
419 1120 528 1199 Aeque
553 1137 628 1183 sono
653 1118 817 1182 nominum
846 1118 980 1186 duceris,
1010 1137 1081 1182 enm
1110 1118 1265 1183 uirtutem
1293 1118 1443 1183 Damasci

297 1232 329 1289 et
361 1225 463 1305 spolia
490 1224 649 1289 Samariae
683 1228 715 1287 et
746 1242 853 1308 regem
881 1224 1084 1307 Assyriomm
1112 1226 1160 1289 sic
1187 1226 1318 1307 accipis,
1353 1226 1443 1308 qnasi

296 1331 481 1395 bellatorem
509 1331 697 1412 portendant
721 1330 884 1396 Christum
909 1331 1068 1406 creatoris,
1099 1350 1160 1394 non
1189 1332 1442 1397 animaduertens

297 1438 373 1519 quid
397 1437 552 1518 scriptura
576 1436 771 1516 praemittat:
797 1437 972 1519 quoniam
996 1438 1215 1521 prinsquam
1237 1445 1442 1521 cognoscat

295 1544 417 1627 (puer)
450 1562 585 1608 nocere
618 1548 760 1625 patrem
796 1548 832 1608 et
863 1549 1028 1620 matrem,
1061 1545 1227 1627 accipiet
1258 1546 1442 1609 uirtutem
1464 1570 1487 1607 ιο

296 1650 469 1715 Damasci
507 1655 543 1715 et
576 1651 700 1733 spolia
734 1650 923 1716 Samariae
957 1650 1141 1715 aduersus
1174 1670 1298 1733 regem
1331 1653 1442 1734 Assy-

295 1758 443 1823 riorum.
473 1762 545 1821 ante
570 1762 619 1821 est
642 1758 724 1821 enim
749 1758 900 1840 inspicias
924 1758 1037 1822 aetatis
1062 1758 1375 1834 demonstrationem,
1404 1778 1442 1821 an

294 1863 452 1927 hominem
480 1865 544 1928 inm
569 1862 731 1929 Christum
755 1864 900 1928 exhibere
923 1865 1037 1947 possit,
1065 1865 1179 1928 nedum
1207 1865 1442 1947 imperatorem.

295 1970 418 2033 scilicet
446 1970 556 2053 uagitu
584 1970 624 2033 ad
652 1990 737 2034 arma
770 1974 857 2033 esset
890 1974 1121 2034 conuocaturns
1149 1970 1262 2047 inians,
1290 1977 1324 2035 et
1351 1970 1442 2055 signa

294 2076 370 2139 belli
400 2096 460 2141 non
484 2076 561 2141 tuba
593 2076 648 2141 sed
673 2076 868 2157 crepitacillo
893 2076 1035 2152 daturne,
1066 2095 1124 2140 nec
1152 2094 1188 2139 er
1211 2095 1291 2157 equo
1321 2077 1375 2141 nel
1403 2078 1442 2140 de
1462 2102 1485 2139 rs

295 2202 386 2247 curru
406 2183 458 2247 nel
479 2183 515 2246 de
539 2202 629 2248 muro
654 2183 709 2247 sed
729 2183 767 2247 de
786 2183 919 2248 nutricis
943 2186 1000 2246 ant
1022 2183 1150 2265 gerulae
1174 2202 1249 2246 suae
1269 2182 1352 2247 collo
1372 2183 1442 2247 sine

295 2289 386 2353 dorso
410 2289 535 2354 hostem
560 2289 788 2365 destinaturus,
813 2293 907 2372 atque
930 2290 976 2353 ita
998 2290 1192 2353 Damascum
1215 2295 1247 2352 et
1266 2288 1441 2353 Samariam

293 2414 348 2475 pro
377 2396 562 2461 mammillis
591 2396 797 2460 subacturus!
828 2396 915 2460 alind
943 2401 1003 2473 est,
1028 2396 1055 2459 si
1078 2413 1174 2478 penes
1198 2395 1349 2460 Ponticos
1372 2395 1442 2459 ber·

293 2502 416 2566 hnricae
440 2502 543 2585 gentis
566 2502 701 2567 infantes
720 2502 751 2566 in
771 2504 928 2586 proelium
952 2505 1131 2583 erumpunt,
1156 2501 1258 2581 credo,
1281 2501 1321 2565 ad
1340 2502 1441 2567 solem

293 2609 380 2671 uncti
408 2610 506 2691 prins,
535 2609 648 2673 dehinc
676 2609 786 2691 pannis
816 2610 929 2673 armati
956 2615 988 2673 et
1014 2610 1128 2691 butyro
1157 2608 1353 2692 stipendiati,
1387 2610 1442 2691 qni
1460 2634 1485 2672 ac

293 2723 365 2777 ante
385 2716 489 2779 norint
507 2717 648 2779 lanceare
668 2734 761 2797 qnam
781 2716 948 2780 lancinare.
968 2716 1138 2794 enimuero,
1157 2715 1185 2780 si
1203 2734 1360 2797 nusquam
1381 2714 1441 2779 boc

293 2826 403 2885 natura
418 2822 572 2896 coneedit,
588 2828 659 2885 ante
679 2822 816 2887 militare
836 2842 929 2903 quam
949 2823 1052 2886 uirum
1069 2822 1180 2899 facere,
1200 2826 1272 2886 ante
1286 2822 1440 2885 uirtutem

293 2928 442 2993 Damasci
480 2948 604 2993 sumere
641 2948 737 3010 quam
769 2930 869 3012 patris
902 2937 934 2993 et
964 2929 1076 2993 matris
1108 2930 1301 2993 uocabulum
1334 2946 1440 2999 nosse,

293 3035 446 3115 seqnitur,
475 3040 512 3099 ut
538 3036 673 3119 figurata
696 3037 908 3119 pronuntiatio
932 3036 1089 3102 uideatur.
1114 3036 1180 3101 ‘sed
1204 3042 1236 3100 et
1259 3036 1438 3119 uirginem‘,

292 3140 404 3221 inquit,
419 3145 536 3223 ‘parere
556 3146 667 3204 natura
686 3161 745 3206 non
765 3141 895 3224 patitur,
915 3147 947 3204 et
966 3145 1070 3206 tamen
1090 3141 1229 3205 creditur
1246 3142 1439 3223 prophetae‘.
1457 3172 1483 3211 a

292 3250 324 3311 et
360 3247 482 3311 merito.
520 3248 711 3329 praestruxit
742 3249 825 3311 enirn
857 3248 952 3312 fidem
988 3248 1166 3312 incredibili
1202 3247 1247 3311 rei
1283 3250 1438 3311 rationem

292 3352 422 3429 edendo,
443 3354 526 3434 quod
540 3354 571 3417 in
588 3354 715 3436 signnm
731 3358 818 3417 esset
831 3355 951 3418 futura:
971 3359 1178 3436 propterea,
1198 3354 1313 3435 inquit,
1332 3354 1439 3417 dabit

292 3460 402 3523 nobis
427 3460 598 3523 dominus
624 3461 748 3543 signo:
774 3480 860 3524 ecce
892 3461 1001 3544 uirgo
1037 3460 1227 3543 concipiet
1258 3460 1296 3523 in
1328 3465 1437 3523 utero

380 3738 407 3804 ol
426 3736 469 3789 rs.
490 3736 514 3803 s,
534 3738 558 3789 4.
614 3736 659 3803 ar]
680 3735 726 3788 aa.
746 3738 771 3803 r,
792 3737 833 3788 14.

325 3931 341 3980 2
361 3930 466 3997 proprie
485 3930 597 3996 scripsi:
618 3930 739 3997 proprius
758 3929 821 3982 ΜΚ
884 3931 900 3980 d
920 3946 1005 3996 aeque
1022 3931 1090 3995 <et>
1107 3929 1179 3981 Pam
1262 3928 1437 3996 <in>duceris

288 4020 352 4081 sort.
373 4018 418 4085 (cs.
437 4022 497 4085 419,
514 4022 547 4070 13
562 4026 587 4071 et
606 4019 692 4071 locrnn
710 4018 861 4087 percellerat
908 4018 1097 4086 opraernittat
1109 4017 1197 4069 Pam:
1217 4018 1362 4085 promittat
1374 4018 1437 4071 MR

293 4110 324 4158 lh
346 4124 409 4173 puer
429 4108 493 4160 cdd.
513 4108 582 4159 Pom
641 4108 671 4159 12
692 4108 820 4171 inspicias
839 4108 887 4172 R³‚
907 4105 1122 4175 insperatum
1178 4106 1210 4159 18
1229 4106 1385 4159 barbaricae
1400 4108 1436 4161 R.

288 4196 429 4249 barbariae
445 4196 507 4249 ,ΜΕ
554 4196 586 4247 21
604 4204 702 4247 norunt
716 4196 746 4248 1⁴*
793 4198 826 4249 ‘22
843 4198 928 4248 uirum
944 4196 1031 4249 lacere
1045 4194 1151 4262 scripsi,
1166 4194 1216 4249 loc.
1233 4210 1299 4262 pern.
1312 4202 1436 4249 sewius:

290 4284 380 4336 ninere
400 4284 468 4347 ΜΗ,
490 4283 575 4334 unere
596 4294 641 4345 r:
662 4284 733 4335 uires
752 4284 862 4345 habere)
882 4284 945 4351 Erip
999 4286 1033 4335 ⁴2⁸
1053 4282 1131 4335 uobis
1149 4282 1185 4348 R,
1204 4282 1283 4335 nobis
1302 4282 1339 4335 Μ
