3250 4959
355 339 416 401 154
598 333 715 400 Quinti
735 334 875 405 Septimi
893 333 1065 389 Florentia
1084 334 1287 389 Tertulliani

353 532 539 597 debuerunt.
578 531 656 596 satis
693 531 756 595 ista
793 531 832 595 de
868 536 969 596 terrae
1005 530 1141 605 nomine,
1175 531 1206 594 in
1239 549 1302 614 quo
1334 531 1498 595 materiam
1591 600 1592 611 χ

352 638 497 722 intellegi
529 637 642 703 uoluit.
678 637 762 721 quod
791 656 902 703 nomen
936 637 1030 701 unius
1063 639 1208 702 elementi
1242 657 1352 703 omnes
1384 637 1500 714 sciunt,

352 747 463 808 natura
495 743 643 826 primum,
677 743 790 806 dehinc
819 743 974 825 scriptura
1003 742 1147 818 docente,
1182 743 1242 808 nisi
1272 744 1300 808 si
1333 747 1367 809 et
1393 742 1499 808 Sileno

352 852 399 914 illi
428 850 514 933 apud
537 851 657 915 Midam
686 869 792 934 regem
823 848 1022 916 adseueranti
1050 849 1089 915 do
1117 849 1180 916 alio
1209 849 1283 914 orbe
1311 849 1501 915 credendum

353 965 413 1037 est,
438 964 567 1023 auctore
591 958 805 1040 Theopompo.
830 957 885 1021 sed
910 960 943 1020 et
966 956 1041 1020 deos
1065 956 1185 1020 multos
1210 956 1294 1020 idem
1318 956 1422 1022 refert.
1528 979 1540 1017 s
1592 1004 1593 1011 κ

397 1067 450 1130 26.
485 1064 585 1130 Nobis
619 1069 725 1129 autem
758 1083 842 1128 unus
876 1063 953 1128 deus
987 1067 1021 1126 et
1047 1082 1111 1127 una
1138 1067 1187 1128 est
1214 1067 1308 1142 terra,
1343 1083 1437 1147 qoam
1465 1064 1498 1127 in

352 1171 506 1256 principio
531 1170 609 1236 deus
632 1170 719 1235 fecit.
744 1171 837 1235 cuius
866 1169 1008 1234 ordinem
1031 1169 1185 1253 incipiens
1209 1170 1368 1252 scriptura
1395 1171 1499 1234 decur-

353 1298 420 1345 rere
444 1277 546 1361 primo
569 1278 687 1342 factam
711 1295 780 1340 eam
804 1276 911 1352 edicit,
940 1275 1054 1340 dehinc
1078 1275 1265 1358 qualitatem
1288 1275 1394 1358 ipsius
1421 1276 1499 1341 edis

353 1386 445 1460 serit;
474 1385 560 1450 sicut
583 1388 616 1449 et
639 1383 764 1448 eaelum
791 1382 894 1466 primo
918 1382 1038 1447 factum
1062 1383 1221 1464 professa:
1250 1383 1285 1446 iu
1313 1382 1497 1466 principio
1593 1402 1594 1413 ¹

354 1493 446 1558 deus
474 1491 568 1557 lecit
596 1491 751 1566 caelum,
780 1489 894 1554 dehinc
922 1488 1166 1572 dispositionem
1199 1489 1269 1554 eins
1302 1489 1497 1571 superducit:
1517 1511 1540 1547 ιο

347 1603 390 1662 'et
409 1597 605 1680 separauit
627 1598 726 1661 inter
740 1613 883 1678 aquam,
903 1614 996 1678 quae
1010 1599 1091 1660 erat
1106 1595 1205 1659 infra
1222 1595 1498 1660 firmamentum

354 1707 495 1785 etquae
511 1705 591 1767 erat
606 1720 717 1784 super
736 1701 1027 1778 firmamentum,
1048 1702 1256 1766 etuocauit
1270 1701 1363 1766 deus
1384 1701 1499 1766 firma·

354 1812 517 1872 mentum
543 1808 698 1877 coelum,
723 1807 841 1889 ipsum,
866 1806 952 1887 quod
975 1806 1006 1869 iu
1029 1805 1200 1888 primordio
1224 1806 1350 1871 fecerat.
1373 1805 1499 1889 proinde
1594 1826 1595 1849 ¹

353 1918 385 1979 et
401 1913 438 1978 de
453 1913 673 1982 hominem:
690 1917 725 1977 et
745 1913 839 1978 fecit
852 1913 943 1977 deus
959 1913 1157 1991 hominem,
1172 1911 1214 1977 ad
1229 1912 1431 1997 imaginem
1445 1911 1500 1976 dei

354 2020 446 2085 fecit
470 2019 589 2096 illum,
619 2019 730 2084 dehinc
755 2019 891 2101 qualiter
919 2018 1031 2083 iecerit
1057 2018 1175 2084 reddit:
1205 2022 1241 2083 et
1268 2018 1383 2082 fiuxit
1410 2019 1499 2083 deus
1517 2043 1540 2084 u

355 2127 541 2191 hominem
575 2126 617 2190 de
650 2126 740 2190 limo
773 2131 895 2190 terrae
928 2128 966 2189 et
993 2124 1158 2191 adllauit
1185 2127 1221 2188 in
1255 2125 1392 2190 faciem
1420 2126 1499 2189 eius

354 2233 489 2297 flatum
523 2232 635 2307 uitae,
667 2236 705 2297 et
728 2233 853 2296 iactos
884 2236 943 2295 est
973 2233 1078 2296 homo
1110 2232 1146 2296 in
1177 2232 1340 2297 animam
1363 2232 1497 2296 uiuam.

355 2343 387 2402 et
411 2339 521 2420 utique
546 2339 592 2402 sic
622 2339 712 2403 decet
740 2338 952 2402 narrationem
972 2338 1066 2402 inire:
1094 2339 1229 2420 praefari
1251 2338 1365 2420 primo,
1392 2341 1501 2422 postea

356 2445 517 2528 prosequi3
542 2445 711 2518 nominare,
738 2443 849 2509 deinde
869 2443 1054 2508 describere.
1073 2444 1213 2527 alioquin
1234 2464 1362 2516 uanum,
1387 2445 1415 2510 si
1433 2444 1500 2512 eins

354 2553 409 2629 rei,
434 2552 526 2616 ouius
549 2551 669 2614 nullam
694 2550 900 2633 praemiserat
922 2551 1126 2629 mentionem
1151 2551 1183 2614 id
1207 2558 1258 2616 est
1279 2551 1440 2629 materiae,
1463 2569 1500 2614 ne
1516 2578 1541 2618 a

354 2647 459 2740 ipsum
481 2658 607 2740 quidem
629 2676 751 2734 nomen,
777 2657 883 2722 subito
903 2656 1036 2722 formam
1060 2667 1093 2722 et
1112 2657 1256 2722 habitum
1275 2656 1499 2742 promulgarit
1596 2690 1597 2735 y

356 2769 426 2828 ante
455 2764 622 2839 enarrauit,
652 2763 755 2846 qualis
780 2768 876 2837 esset,
906 2782 1000 2846 quam
1024 2782 1062 2827 au
1087 2768 1173 2828 esset
1195 2763 1346 2842 ostendit,
1368 2763 1497 2848 figuram

355 2871 554 2948 dolormauit,
579 2888 692 2934 nomen
716 2869 891 2934 abscondit.
920 2875 953 2934 at
976 2873 1094 2952 quanto
1119 2869 1302 2935 credibilius
1326 2869 1498 2936 secundom

354 2995 413 3040 nos
437 2976 506 3041 eius
533 2976 578 3039 rei
608 2975 849 3059 dispositionem
874 2977 1032 3060 scriptura
1054 2977 1228 3055 subiunxit,
1256 2977 1349 3042 cuius
1376 2977 1500 3042 institu-

354 3084 473 3148 tionem
487 3082 646 3165 simulque
660 3083 906 3148 nominationem
923 3083 1110 3166 praemisit?
1124 3103 1218 3166 quarn
1234 3083 1370 3167 denique
1381 3085 1500 3169 integer
1515 3109 1539 3149 a

356 3208 467 3254 sensus
497 3193 562 3254 est:
590 3191 625 3253 in
655 3190 844 3272 principio
873 3190 964 3254 deus
992 3189 1086 3254 fecit
1114 3191 1261 3256 caelum
1289 3196 1327 3255 et
1353 3193 1497 3264 terram.

356 3303 455 3362 terra
474 3300 599 3360 autem
620 3301 704 3361 erat
723 3295 940 3361 inuisibilis
960 3301 997 3361 et
1015 3295 1136 3373 rudis3
1161 3317 1257 3379 quam
1280 3297 1359 3362 deus
1378 3297 1500 3362 seilicet

445 3486 471 3556 9]
491 3485 557 3540 Gen.
580 3489 603 3555 1,
620 3487 643 3540 l.
700 3487 744 3556 11]
760 3483 828 3541 Gen.
846 3487 868 3550 l,
884 3487 908 3540 7.
924 3487 950 3542 8.
1008 3486 1237 3556 14]Gen.1,27.
1294 3487 1498 3559 15]Gen.2,'l.

356 3578 402 3647 22]
423 3576 457 3631 es.
478 3574 544 3629 Gen.
566 3576 589 3644 1,
609 3576 635 3628 2.
690 3575 734 3645 26]
756 3573 824 3630 Gen.
845 3576 869 3644 l,
890 3576 913 3628 1.

394 3698 479 3765 lquo
494 3697 529 3764 R,
549 3696 723 3766 quodPNF
760 3697 898 3750 5multus
917 3697 944 3750 P
961 3701 1041 3764 (corr.
1057 3699 1094 3764 R)
1134 3701 1263 3753 dautem
1280 3715 1332 3754 om.
1347 3699 1380 3752 N
1431 3705 1500 3754 terra

354 3791 398 3839 est
424 3785 454 3839 1⁴¹
507 3786 539 3839 10
567 3783 726 3855 superducit
753 3785 884 3851 PNFR¹,
912 3787 1099 3856 superinducit
1120 3786 1253 3857 Rssuolqo
1309 3788 1343 3842 14
1371 3789 1500 3845 laamas·

355 3875 481 3943 moui:
502 3875 599 3943 primo,
624 3873 697 3943 quod
720 3890 780 3929 eam
803 3874 878 3943 iecit,
901 3880 1010 3930 enarrat
1032 3876 1216 3944 auppteadum
1229 3883 1309 3946 poto,
1328 3876 1363 3932 de
1380 3877 1499 3932 homine:

356 3967 388 4015 et
407 3961 497 4024 iecit,
512 3964 650 4032 (inquit)
665 3963 744 4016 deus
763 3964 927 4018 homiuem
941 3963 1007 4034 Eup
1058 3965 1090 4018 18
1105 3965 1222 4034 praefari
1235 3967 1323 4036 primo
1336 3963 1402 4034 NF,
1416 3968 1500 4037 primo

355 4051 472 4120 praefari
489 4051 609 4121 Paulpo
663 4053 698 4105 22
718 4054 858 4106 enarrauit
874 4053 987 4121 scripsi:
1005 4059 1114 4107 enarrat
1130 4054 1218 4109 PNF
1286 4071 1366 4124 quam
1386 4071 1422 4108 an
1435 4053 1501 4125 so.-

356 4143 502 4208 antequam
526 4158 560 4194 an
582 4139 647 4205 ΡΝ,
672 4146 817 4210 antequam
841 4141 876 4205 F,
901 4145 974 4210 aute,
999 4159 1079 4212 quam
1098 4160 1133 4196 an
1151 4144 1216 4213 Enp
1282 4144 1318 4198 28
1341 4142 1502 4199 deformarit

354 4228 466 4297 serspsi:
485 4227 629 4282 deformati
647 4227 740 4298 PNF,
760 4227 893 4284 deionnat
911 4230 968 4284 Iun
