3250 4959
340 371 405 435 560
569 367 687 434 Quinti
707 338 854 440 Septimi¹
868 367 1039 423 Plorantis
1058 368 1265 423 Tertulliani

339 563 422 628 mei’.
455 563 556 648 figura
590 565 697 628 autem
729 582 789 628 non
823 561 939 628 inisset
970 562 1033 628 nisi
1063 563 1209 627 ueritatis
1242 566 1329 628 esset
1361 581 1486 646 eorpus.

339 675 479 735 osterum
502 689 605 735 uaona
631 688 692 748 res,
721 668 807 752 quod
830 674 881 734 est
902 669 1100 753 phantasma,
1128 667 1262 753 figuram
1291 688 1405 752 capere
1427 689 1486 735 non

339 784 457 858 posset.
491 779 547 842 aut
579 778 606 841 si
634 779 798 860 propterea
825 795 940 861 panem
967 795 1083 860 corpus
1106 775 1169 840 sibi
1191 775 1290 854 finxit,
1322 776 1400 858 quia
1422 795 1487 841 oor·

338 883 423 965 poris
447 883 575 948 oarebat
598 883 745 961 ueritate,
774 901 848 967 ergo
876 902 990 964 panem
1018 881 1129 947 debuit
1154 881 1277 946 tradere
1303 901 1362 964 pro
1386 883 1484 948 nobis.

337 990 474 1055 faciebat
496 990 535 1055 ad
563 992 738 1056 uanitatem
760 990 944 1066 Marcionis,
972 993 1011 1055 ut
1036 989 1126 1073 panis
1154 988 1405 1072 crucifigeretur.
1432 1006 1525 1054 oure

338 1100 444 1161 autem
472 1115 586 1181 panem
614 1115 729 1180 eorpus
758 1115 852 1162 suum
880 1097 1021 1181 appellat
1044 1100 1077 1162 et
1098 1116 1160 1161 non
1187 1095 1290 1180 magis
1312 1092 1482 1179 peponem,

338 1222 432 1285 quem
464 1202 605 1268 Marcion
639 1203 743 1269 cordis
775 1204 846 1269 looo
879 1204 1000 1282 habuit,
1034 1222 1094 1268 non
1126 1202 1317 1288 intellegens
1343 1206 1482 1268 ueterem

337 1307 437 1374 fuisse
459 1309 555 1374 istam
579 1309 714 1395 figuram
738 1310 878 1394 corporis
902 1309 1020 1375 Christi
1045 1310 1178 1375 dicentis
1201 1328 1258 1391 per
1273 1309 1482 1375 Hieremiam:

337 1415 523 1481 aduersus
542 1436 596 1481 me
616 1417 884 1500 eogitauerunt
902 1417 1112 1502 cogitatum
1131 1415 1320 1481 dicentes:
1344 1416 1482 1482 uenite.

337 1521 549 1588 ooioiamus
573 1524 717 1608 lignum
740 1524 776 1588 in
800 1543 932 1609 panem
955 1524 1049 1600 eius,
1073 1523 1197 1588 soilioet
1220 1541 1347 1587 erucem
1366 1523 1402 1588 in
1421 1537 1524 1588 eor-1·

335 1647 396 1709 pus
420 1629 511 1695 eius?
533 1631 641 1713 itaque
659 1630 867 1696 inluminator
889 1630 1128 1713 antiquitatum,
1147 1629 1224 1712 quid
1246 1631 1324 1694 tuno
1347 1629 1484 1694 uoluerit

336 1735 534 1819 significasse
547 1755 672 1820 panem,
689 1738 766 1803 satis
786 1737 961 1803 deelarauit
980 1756 1094 1821 eorpus
1113 1755 1208 1802 suum
1227 1755 1348 1802 uocans
1362 1755 1483 1820 panem·

337 1842 383 1906 sio
412 1846 444 1907 et
471 1843 502 1907 in
531 1844 639 1909 oaliois
667 1845 827 1908 mentione
854 1848 1082 1909 testamentum
1106 1843 1304 1908 constituens
1328 1844 1481 1928 sanguine

335 1967 402 2026 suo¹
432 1949 634 2036 obsignatum
676 1951 889 2016 substantiam
931 1950 1071 2033 eorporis
1112 1948 1325 2016 confirmauit
1362 1951 1481 2015 nullius

336 2056 418 2120 enim
442 2057 580 2139 eorporis
605 2057 736 2142 sanguis
760 2060 868 2141 potest
890 2076 961 2122 esse
983 2057 1046 2122 nisi
1069 2056 1182 2122 omnis.
1210 2076 1283 2121 nam
1311 2060 1346 2122 et
1368 2057 1398 2121 si
1421 2076 1480 2140 qua
1497 2068 1521 2109 ¹⁵

335 2163 473 2246 eorporis
498 2165 635 2246 qualitas
654 2183 716 2229 non
736 2183 849 2229 earnes
867 2166 1045 2248 opponetur
1063 2163 1164 2239 nobis,
1188 2166 1275 2228 oerte
1293 2164 1480 2248 sanguinem

334 2269 395 2362 nisi
428 2287 540 2336 carnea
571 2291 631 2336 non
664 2271 805 2336 habebit.
838 2273 884 2336 ita
916 2271 1071 2337 consistet
1102 2269 1248 2353 probatio
1276 2255 1480 2354 eorporisde
1611 2268 1612 2347 ᾗ

334 2375 517 2442 testimonio
543 2379 654 2456 earnis,
679 2379 822 2462 probatio
846 2379 950 2444 earnis
974 2378 1013 2443 de
1035 2378 1219 2444 testimonio
1243 2377 1419 2462 sanguinis.
1444 2388 1480 2441 ut

335 2486 441 2546 autem
475 2485 507 2546 et
538 2485 702 2568 sanguinis
734 2489 875 2552 ueterem
907 2485 1042 2570 figuram
1077 2485 1109 2549 iu
1147 2485 1221 2550 uino
1257 2502 1478 2568 recognoscas.

335 2586 436 2652 aderit
458 2589 583 2656 Esaias:
608 2593 703 2674 quis,
732 2592 846 2675 inquit,
871 2593 934 2675 qui
963 2592 1119 2658 aduenit
1146 2610 1186 2656 ex
1213 2591 1339 2670 Edem,
1369 2591 1519 2656 rubor»
1611 2606 1612 2633 ³

334 2695 648 2761 uestimentorum
679 2699 760 2764 eius
788 2718 829 2763 er
856 2700 997 2765 Bosor?
1030 2699 1086 2764 sio
1118 2698 1277 2764 deoorus
1309 2698 1346 2762 in
1380 2696 1478 2762 stola

333 2801 521 2868 uiolentia
559 2823 640 2868 cum
675 2805 924 2872 fortitudine?
956 2825 1071 2890 quare
1101 2806 1215 2870 rubra
1244 2804 1477 2870 uestimenta

333 2912 407 2985 tue,
432 2914 468 2972 et
490 2909 710 2977 indumenta
734 2913 836 2978 siout
858 2913 901 2978 de
924 2914 1007 2980 foro
1030 2913 1247 2990 torcularis,
1266 2912 1379 2994 pleno
1398 2929 1476 2975 oon-

333 3014 504 3082 ouloato‘?
523 3003 661 3101 'spiritus
684 3020 768 3083 enim
791 3019 1007 3103 propheticus,
1028 3019 1120 3084 uelut
1137 3018 1202 3084 iam
1220 3016 1476 3100 contemplabun-

333 3121 391 3186 dus
425 3121 586 3189 dominum
616 3126 654 3191 ad
682 3127 862 3210 passionem
890 3126 1082 3204 uenientem,
1110 3145 1202 3192 earne
1229 3125 1355 3190 seilicet
1382 3123 1476 3190 uasti·
1493 3132 1518 3174 ὓ

331 3233 401 3294 tum
431 3233 468 3294 ut
494 3229 527 3295 in
551 3251 587 3296 ea
609 3251 751 3314 passum,
776 3235 941 3306 cruentum
965 3232 1109 3298 habitum
1134 3232 1236 3297 carnis
1254 3233 1287 3296 in
1305 3232 1477 3297 uestimen-

331 3338 436 3401 torum
462 3338 577 3402 rubore
601 3338 756 3422 designat,
785 3341 989 3405 conculcatae
1012 3342 1045 3404 et
1068 3356 1232 3422 expressae
1259 3339 1295 3403 ui
1316 3337 1476 3421 passionis

266 3513 267 3516 Ἴ
331 3444 493 3524 tamquam
529 3443 561 3507 in
599 3444 666 3510 foro
703 3446 881 3525 torcularis,
917 3447 992 3529 quia
1023 3449 1056 3510 et
1090 3446 1163 3510 inde
1195 3445 1286 3528 quasi
1319 3443 1475 3509 ementati

419 3685 447 3754 a]
468 3685 541 3739 nter.
563 3686 605 3752 11,
626 3675 667 3742 ra'.
724 3688 769 3758 13]
791 3686 824 3742 ef.
843 3687 908 3742 nuc.
926 3689 970 3748 aa.
990 3688 1033 3742 ao.
1088 3687 1135 3757 ao]
1155 3687 1200 3741 ss.
1218 3687 1262 3755 ea,
1284 3687 1363 3742 1-3.

366 3810 381 3862 7
402 3825 480 3878 quem
495 3808 530 3876 R,
546 3825 626 3879 quarn
640 3809 705 3864 ΜΡ
740 3811 772 3865 10
787 3810 931 3864 ooiciamns
945 3808 1029 3873 MR¹‚
1048 3810 1213 3864 coniciamus
1226 3807 1360 3878 R'wiuo
1415 3823 1474 3862 ern·

330 3913 386 3951 oem
401 3898 437 3964 R,
456 3898 627 3953 tamenMF
680 3901 713 3953 14
730 3899 822 3952 nunus
838 3915 913 3967 susp.
932 3899 997 3968 Esau
1052 3901 1085 3953 15
1104 3897 1264 3968 sanguisR,
1282 3895 1476 3967 sanguinisit

330 3987 363 4040 17
383 3988 514 4041 consistet
532 3987 601 4056 ΜΡ,
621 3987 787 4043 consistitR
824 3988 857 4041 19
878 3989 941 4041 nino
960 3988 996 4050 R,
1015 3986 1148 4042 unoMF
1181 3988 1213 4040 21
1234 3985 1381 4041 anorB¹
1434 3985 1472 4039 sie

328 4075 411 4144 Mla,
430 4076 478 4131 sed
496 4075 537 4132 12³
591 4077 625 4131 22
644 4077 776 4131 uiolentia
794 4076 873 4146 Esto:
892 4077 1013 4131 uiolenta
1031 4077 1094 4132 MR
1159 4078 1194 4130 25
1214 4092 1293 4130 earne
1310 4075 1348 4140 R,
1367 4091 1472 4130 amem

328 4163 366 4218 M
416 4166 450 4218 27
466 4166 593 4236 designat
610 4165 659 4228 12³,
679 4165 852 4236 designatum
866 4163 942 4220 MR¹
1002 4165 1160 4219 conculcate
1181 4170 1207 4230 (e
1224 4181 1247 4218 s.
1265 4181 1295 4217 u.
1313 4181 1332 4217 a
1349 4162 1474 4230 enm

328 4255 363 4308 28
383 4259 411 4308 et
429 4254 492 4309 inde
510 4255 553 4325 M,
573 4255 668 4310 exinde
686 4254 809 4324 Ruuiqo
