3250 4959
358 437 419 492 Vll.
439 436 605 492 Aduersus
624 437 823 493 Marcionem
843 439 890 493 lib.
910 439 966 494 1111
986 442 1099 494 14—15.
1231 446 1297 509 463

145 631 255 697 odium
278 631 311 695 in
334 631 427 696 illum
455 632 557 697 hlium
585 633 722 698 bominis
751 635 1002 716 praedicabatur,
1036 638 1091 719 qui
1121 638 1295 702 secundum

145 743 321 804 creatorem
339 742 399 816 est,
419 739 620 823 euangelium
641 743 747 804 autem
767 761 880 806 nomen
900 741 1162 834 Christianorum,
1186 745 1296 827 utique

145 866 164 911 a
188 845 316 912 Christo
345 847 527 927 deductum,
558 847 630 912 odio
655 849 798 912 futurum
823 852 1021 914 contestatur
1044 853 1171 933 propter
1193 852 1295 916 filium

145 953 295 1032 hominis,
320 953 405 1037 quod
429 956 479 1017 est
502 952 658 1034 Christus,
683 974 756 1018 eum
779 954 883 1020 filium
906 956 1043 1021 hominis
1063 957 1095 1021 in
1115 977 1211 1022 causa
1231 959 1296 1023 odii

110 1079 123 1118 a
146 1061 326 1140 constituit,
351 1060 405 1144 qni
425 1063 494 1125 erat
511 1061 686 1126 secundum
707 1065 890 1139 creatorem,
915 1063 946 1127 in
967 1083 1062 1146 quem
1082 1064 1190 1129 odium
1208 1084 1296 1147 prae·

145 1167 323 1232 dicabatur.
348 1171 381 1232 et
394 1169 516 1250 utique,
536 1169 564 1234 si
577 1168 716 1233 nondum
732 1170 884 1248 uenisset,
904 1189 965 1234 nou
979 1171 1140 1254 potuisset
1158 1171 1295 1236 nominis

145 1275 266 1351 odium,
286 1276 372 1358 quod
391 1276 496 1360 agitur
513 1275 617 1352 hodie,
637 1294 802 1357 personam
822 1277 959 1342 nominis
979 1277 1197 1343 antecessisse.
1222 1297 1295 1341 nam

145 1385 178 1446 et
201 1383 342 1448 sancitur
364 1401 459 1466 penes
483 1401 540 1448 nos
565 1386 597 1446 et
620 1382 756 1446 animam
782 1403 871 1448 suam
897 1383 1140 1462 circumscribit,
1164 1388 1294 1467 propter

143 1507 202 1554 uos
226 1509 295 1554 eam
320 1508 453 1573 ponens,
478 1495 510 1554 et
533 1493 773 1572 aspamamento
797 1491 934 1555 habetur
956 1510 975 1556 a
997 1490 1190 1556 nationibus.
1220 1510 1294 1574 ergo

96 1613 123 1652 10
146 1597 201 1679 qui
225 1601 320 1662 natus
340 1599 399 1675 est,
423 1597 492 1679 ipse
512 1597 573 1662 erit
592 1596 675 1662 filius
695 1597 845 1675 hominis,
869 1601 1111 1681 propterquam
1131 1600 1164 1662 et
1180 1617 1294 1662 nomen

144 1707 289 1768 nostrum
311 1706 485 1770 recusatur.

193 1812 243 1876 15.
291 1809 518 1876 Secundum
554 1811 662 1888 haec,
687 1810 800 1893 inquit,
826 1810 1038 1875 faciebant
1073 1812 1294 1895 prophetis

143 1921 284 2001 patres
315 1937 458 1984 eorum.
490 1937 507 1982 o
533 1916 695 1983 Christum
718 1917 932 2000 uersipellem,
956 1937 1038 1982 nunc
1063 1917 1294 1983 destructorem

145 2044 230 2091 nunc
262 2024 456 2090 adsertorem
484 2023 725 2106 prophetarum!
759 2023 944 2089 destruebat
972 2029 1009 2089 ut
1032 2025 1188 2104 aemulus,
1222 2044 1294 2090 con-

98 2147 124 2186 ¹⁵
145 2135 274 2196 uadens
298 2130 474 2214 discipulos
499 2150 606 2196 eorum
631 2130 703 2208 sibi,
724 2130 890 2195 adserebat
908 2135 944 2194 ut
963 2132 1096 2207 amicus,
1115 2131 1293 2215 suggillans

144 2241 354 2304 insectatores
373 2257 491 2304 eorum.
505 2258 608 2321 porro,
623 2239 655 2302 in
676 2242 830 2321 quantum
845 2239 938 2322 (non)
952 2240 1153 2323 congruisset
1168 2238 1293 2304 Christo

146 2345 317 2410 Marcionis
346 2346 482 2411 adsertio
506 2345 740 2428 prophetarum,
769 2345 808 2409 ad
837 2364 971 2427 quorum
999 2348 1130 2410 uenerat
1152 2345 1294 2412 destruc·

145 2452 278 2530 tionem,
310 2451 341 2514 in
375 2453 498 2516 tanturn
527 2451 674 2534 congruit
701 2449 828 2517 Christo
858 2452 1009 2516 creatoris
1043 2451 1229 2536 suggillatio
1261 2453 1293 2516 in

145 2557 353 2622 insectatores
384 2558 622 2641 prophetarum,
646 2577 725 2638 quos
757 2557 790 2623 in
823 2559 970 2623 omnibus
1003 2559 1207 2640 adimplebat,
1241 2560 1294 2623 uel

99 2681 127 2720 20
147 2665 222 2747 quia
246 2665 347 2749 magis
371 2665 522 2729 creatoris
547 2667 596 2729 est
619 2664 736 2728 delicta
754 2668 881 2746 patrum
900 2665 974 2729 tiliis
994 2665 1179 2748 exprobrare
1198 2685 1292 2747 quam

146 2771 216 2836 eins
241 2771 301 2850 dei,
327 2771 380 2854 qui
403 2791 461 2836 nec
484 2772 610 2855 propria
634 2773 788 2853 cuiusque
814 2773 960 2856 castiget.
986 2773 1137 2837 ‘sednon
1162 2771 1293 2850 statim’,

144 2878 262 2961 inquis,
272 2878 452 2962 ‘prophetas
467 2878 627 2955 tuebatur,
638 2879 665 2942 si
680 2879 882 2960 iniquitatem
893 2878 1081 2942 Iudaeorum
1096 2878 1291 2943 adfirmatam

145 2985 285 3064 uolebat,
318 2985 402 3068 quod
434 3004 491 3049 uec
525 3004 596 3049 cum
626 2986 790 3068 prophetis
822 2986 888 3049 suis
917 2985 967 3067 ple
996 2985 1157 3067 egisseut'.
1181 2985 1291 3068 atquin

145 3093 234 3157 nulla
255 3093 307 3157 hic
330 3093 482 3175 iniquitas
507 3093 722 3176 exprobranda
745 3095 812 3156 erat
837 3091 972 3166 ludaeis,
996 3091 1164 3156 laudandis
1183 3092 1291 3173 potius

98 3213 126 3253 ²⁶
146 3204 179 3264 et
200 3200 380 3282 probandis,
405 3201 432 3264 si
456 3219 510 3264 eos
536 3200 804 3284 suggillauernnt,
829 3198 1021 3281 adquorum
1042 3197 1291 3262 destructionem

145 3309 220 3390 post
242 3309 366 3371 lautum
391 3307 461 3371 aeui
486 3307 563 3371 deus
588 3307 728 3389 optimus
753 3309 860 3369 motus
885 3309 941 3370 est.
971 3304 1036 3382 sed,
1060 3309 1149 3387 puto,
1173 3303 1234 3368 iarn
1260 3308 1292 3369 et

145 3431 206 3478 non
239 3414 390 3497 optimus,
422 3415 485 3478 iam
519 3414 640 3496 aliquid
673 3417 705 3477 et
733 3433 805 3478 cum
835 3416 976 3477 creatore
1004 3416 1146 3477 moratus
1173 3430 1230 3475 nec
1258 3411 1290 3475 in

143 3523 249 3585 totum
272 3520 400 3602 Epicuri
425 3521 514 3586 deus.
543 3539 615 3586 ecce
641 3521 722 3586 enim
749 3521 893 3584 demutat
921 3519 953 3583 in
981 3518 1236 3584 maledictionem
1260 3522 1293 3581 et

236 3765 278 3834 12]
297 3765 360 3820 Luc.
381 3766 407 3826 s,
426 3767 469 3819 aa.

180 3891 267 3961 5qui
291 3896 349 3945 erat
371 3891 408 3959 R,
432 3893 527 3961 querat
550 3893 587 3944 M
657 3891 819 3944 &sancitur
840 3889 876 3953 R,
900 3891 1034 3943 sanctitur
1056 3887 1121 3940 ΜΡ
1186 3887 1291 3955 9ergo

142 3981 256 4049 scripsi:
275 3983 303 4034 et
321 3980 383 4035 MR
438 3981 471 4035 13
490 3998 505 4033 o
527 3979 662 4035 Christum
678 3979 725 4048 R³,
747 3984 774 4033 et
794 3977 932 4033 Christum
947 3978 1010 4032 MR
1066 3975 1290 4036 meorumnam

143 4069 228 4139 culpo
293 4072 325 4124 16
344 4086 398 4123 non
418 4069 483 4123 add.
502 4069 550 4134 R³‚
570 4085 619 4122 orn.
639 4067 712 4122 Mill
777 4068 811 4122 ab
831 4072 956 4137 patruum
975 4067 1011 4118 M
1091 4064 1237 4134 exprobare
1256 4065 1290 4116 M

142 4161 176 4214 ‘21
198 4159 317 4228 castiget
335 4159 377 4226 M,
397 4159 514 4228 castigat
528 4159 647 4226 Raalqo
697 4159 731 4212 ‘23
752 4159 848 4227 atquin
862 4157 897 4219 R,
918 4161 947 4209 at
960 4157 997 4208 M
1013 4155 1090 4224 (quin
1109 4155 1140 4208 in
1156 4171 1207 4223 mq.
1224 4153 1290 4206 add.

142 4267 177 4304 m.
196 4251 222 4316 1)
276 4249 310 4302 ’25
324 4249 523 4318 sugillauerunt
540 4247 684 4301 Ochleraa:
704 4248 891 4317 figurauerunt
904 4245 965 4300 MR
1018 4246 1054 4315 28
1073 4242 1289 4297 maledictionem

141 4339 185 4404 M,
203 4337 394 4394 maledictione
412 4338 440 4392 R
