3250 4959
478 367 538 420 vll.
559 367 725 422 Aduersus
744 369 939 423 Marcionem
958 369 1005 422 lib.
1025 371 1037 423 1
1059 371 1171 425 15-16.
1337 374 1398 437 311

253 583 350 644 quarn
378 565 458 640 eius,
487 565 541 647 qui
564 564 706 629 nisibilia
734 569 882 646 operatus
911 564 1121 628 inuisibiiium
1152 583 1277 646 quoque
1305 565 1400 628 fidem

251 670 373 746 iecerit,
403 690 475 735 curn
503 671 620 735 iustius
645 672 746 734 multo
776 671 819 734 sit
847 669 1007 752 aliquibus
1037 671 1235 755 exemplariis
1265 671 1400 735 adnuere

251 795 349 858 quam
377 777 496 840 nullis?
529 777 711 841 uidebimus
739 781 771 840 et
799 778 964 859 apostolus
994 778 1045 841 oui
1074 778 1196 842 auctori
1226 777 1401 841 inuisibilia

251 883 394 965 deputet,
415 902 488 948 curn
505 889 540 949 et
557 885 648 950 illum
669 885 947 967 exploraueriurus.
972 905 1055 950 nuno
1075 886 1157 949 enirn
1179 885 1400 949 communibus

215 1013 228 1049 s
250 990 426 1072 plurimum
446 992 593 1056 sensibus
613 997 645 1056 et
668 992 997 1074 argumentationibus
1020 992 1115 1056 iustis
1140 999 1306 1056 secuturae
1327 993 1400 1056 scri-

250 1106 416 1179 pturarum
449 1117 575 1181 quoque
603 1098 803 1163 aduocationi
833 1097 927 1162 fidem
962 1099 1145 1174 sternimus,
1180 1098 1401 1162 confirmantes

251 1204 472 1267 diuersitatem
490 1205 571 1268 hanc
590 1204 769 1268 uisibilium
788 1207 821 1268 et
839 1203 1049 1268 inuisibiiium
1069 1204 1126 1268 deo
1148 1203 1280 1268 creatori
1304 1204 1400 1285 depu-

251 1310 391 1386 tandam,
417 1311 513 1375 sicuti
536 1313 604 1374 tota
628 1311 768 1393 operatio
794 1312 862 1375 eius
884 1331 920 1374 er
940 1311 1179 1375 diuersitatibus
1205 1315 1339 1388 constat,
1365 1331 1401 1374 er
1478 1338 1481 1348 ·

251 1417 469 1500 corporalibus
494 1423 526 1482 et
548 1419 808 1501 incorporalibus
839 1438 873 1482 er
898 1417 1086 1482 animalibus
1111 1423 1143 1482 et
1166 1417 1400 1494 inanimalibus,

202 1545 230 1584 ro
252 1544 289 1587 ex
309 1524 474 1589 uocalibus
494 1528 526 1588 et
543 1524 653 1593 mutis.
678 1544 713 1587 er
731 1525 905 1589 mobilibus
930 1529 962 1588 et
985 1526 1124 1601 statiuis,
1149 1545 1183 1588 er
1207 1524 1400 1608 genitalibus

251 1635 286 1693 et
303 1630 477 1705 sterilibus,
502 1650 538 1695 er
556 1630 652 1695 aridis
672 1634 704 1695 et
723 1630 853 1706 sucidis,
878 1651 913 1696 cx
937 1631 1049 1695 calidis
1074 1637 1106 1695 et
1128 1632 1264 1716 frigidis.
1298 1631 1344 1694 sic
1368 1635 1401 1694 et

250 1738 411 1802 homiuem
435 1739 541 1820 ipsum
569 1737 738 1802 diuersitas
768 1739 967 1820 temperauit,
997 1743 1063 1802 tam
1091 1739 1123 1802 in
1153 1757 1282 1822 corpore
1305 1757 1400 1821 quam

250 1846 283 1908 in
308 1863 415 1908 sensu.
455 1845 516 1908 alia
543 1846 684 1909 membra
713 1845 807 1909 fortia
836 1844 898 1908 alia
924 1844 1057 1920 infirma,
1087 1845 1150 1908 alia
1176 1846 1310 1909 honesta
1338 1845 1400 1908 alia

251 1951 428 2017 inhonesta.
455 1953 514 2016 alia
538 1953 664 2035 gemina
686 1953 747 2016 alia
770 1953 874 2031 unica,
899 1953 960 2016 alia
984 1953 1145 2036 comparia
1168 1952 1229 2016 alia
1253 1953 1400 2034 disparia.

204 2080 232 2118 15
252 2057 383 2141 proinde
410 2063 443 2123 et
468 2060 500 2122 in
528 2078 625 2123 sensu
653 2078 735 2122 nunc
762 2059 886 2122 laetitia
917 2078 999 2122 nunc
1032 2060 1173 2124 anxietas
1202 2079 1283 2124 nuno
1312 2078 1400 2122 arnor

250 2184 335 2229 nunc
353 2165 461 2228 odium
480 2184 563 2229 nunc
581 2166 629 2229 ira
651 2185 732 2229 nunc
756 2164 882 2230 lenitas.
908 2165 991 2246 quod
1015 2165 1042 2230 si
1066 2166 1111 2228 ita
1136 2170 1195 2230 est.
1214 2170 1252 2229 ur
1274 2165 1400 2230 aemula

251 2274 333 2336 iuter
360 2291 394 2335 se
423 2271 613 2336 conditionis
637 2271 830 2335 uniuersitas
854 2271 918 2334 ista
942 2271 1105 2335 modulata
1129 2273 1180 2346 sit,
1208 2273 1271 2336 iam
1299 2272 1400 2355 igitur

252 2387 285 2442 ct
306 2378 491 2443 uisibilibus
509 2378 684 2442 inuisibilia
703 2378 866 2454 debentur,
887 2396 947 2442 non
968 2379 1059 2442 alteri
1079 2380 1200 2443 auctori
1220 2379 1400 2460 deputanda

251 2505 347 2566 quam
371 2487 422 2549 cui
446 2490 478 2549 et
501 2487 627 2549 aemula
655 2505 773 2549 eonrrn.
797 2486 885 2567 (qui)
907 2485 1013 2567 ipsum
1039 2490 1211 2549 creatorem
1236 2485 1398 2549 diuersum

204 2611 231 2649 20
251 2595 372 2670 notant,
400 2593 563 2656 iubentem
587 2612 667 2674 quae
689 2593 853 2673 prohibuit
880 2596 913 2655 et
935 2593 1153 2675 prohibentem
1184 2612 1263 2675 quac
1291 2592 1397 2669 iussit,

250 2700 482 2782 percutientem
505 2703 538 2764 et
564 2704 738 2776 sanantem,
772 2718 828 2763 cur
851 2701 882 2764 in
907 2700 965 2763 hac
989 2701 1057 2764 sola
1081 2701 1184 2781 specie
1209 2701 1398 2765 uniformem

251 2825 327 2869 eum
341 2808 480 2889 capiunt,
500 2806 678 2870 uisibilium
693 2806 894 2871 solummodo
920 2806 1126 2880 conditorem,
1151 2826 1244 2889 quem
1269 2806 1398 2888 proinde

252 2913 443 2977 credendum
472 2913 515 2978 sit
542 2918 574 2978 ct
601 2913 743 2977 uisibiliu
770 2919 803 2978 et
832 2913 1006 2977 inuisibilia
1036 2913 1216 2978 condidisse
1249 2913 1397 2996 quemad-

251 3019 382 3084 modum
411 3024 443 3084 et
470 3020 570 3083 uitam
598 3025 630 3084 et
657 3024 803 3097 mortem,
833 3025 865 3084 et
892 3021 976 3084 mala
1004 3024 1036 3084 et
1058 3025 1190 3102 pacem?
1219 3024 1252 3084 et
1274 3020 1396 3102 utique,

203 3146 230 3184 aa
251 3127 280 3189 si
306 3126 363 3190 illa
390 3125 565 3190 inuisibilia
591 3126 711 3190 maiora
738 3131 813 3192 sunt
841 3127 1024 3190 uisibilibus
1058 3127 1206 3190 creatoris
1238 3145 1295 3190 suo
1326 3127 1396 3192 loco

250 3234 385 3318 magnis,
405 3234 451 3298 sic
471 3253 597 3315 quoque
617 3234 762 3317 congruit
782 3234 850 3298 eius
871 3253 939 3298 esse
959 3235 1088 3308 maiora,
1110 3234 1201 3298 cuius
1222 3237 1254 3297 et
1273 3253 1396 3316 magna.

251 3340 326 3421 quia
343 3358 402 3403 nec
420 3359 544 3424 magna,
560 3341 677 3404 nedum
691 3341 818 3419 maiora,
835 3341 863 3404 ei
879 3343 1070 3423 competant,
1086 3341 1177 3404 cuius
1197 3361 1253 3404 nec
1273 3340 1399 3404 modica

251 3451 444 3528 comparent.

340 3657 368 3724 3]
389 3654 422 3708 er.
442 3654 499 3709 cor.
520 3656 544 3716 1,
565 3656 606 3708 rc.

287 3790 302 3841 7
313 3789 363 3842 deo
374 3788 490 3842 creatori
501 3788 597 3858 R³mp,
608 3788 674 3842 adeo
686 3791 801 3843 creatori
811 3790 852 3858 M,
863 3789 938 3843 adeo
949 3793 1068 3844 creatore
1078 3789 1116 3868 R¹
1127 3790 1211 3859 uulgo
1268 3791 1301 3843 10
1315 3757 1396 3855 mritis

250 3904 287 3957 u!
306 3908 386 3973 (corr.
409 3921 444 3960 m.
468 3909 493 3969 1)
551 3905 581 3956 11
606 3903 707 3958 sucidis
730 3906 771 3965 M.
795 3907 874 3958 siccis
897 3905 925 3959 R
985 3906 1017 3958 16
1041 3871 1171 3958 siirall
1220 3908 1252 3960 16
1266 3907 1395 3960 aemulae

249 3995 323 4047 inter
350 4010 379 4046 se
408 3993 590 4047 condicionis
613 3993 683 4060 fort.
754 3996 786 4047 19
810 4011 911 4062 eorum,
939 3995 1028 4062 ipsum
1051 3995 1136 4064 uulgo
1226 3998 1270 4064 qui
1296 3995 1398 4049 addidi

249 4082 489 4150 adnotatum,
508 4083 634 4136 notantia
656 4082 708 4135 Urs
761 4084 794 4135 21
820 4087 969 4136 sanantem.
989 4100 1035 4136 cnr
1057 4085 1148 4152 uulgo,
1173 4087 1325 4137 sanantem:
1350 4103 1397 4138 cur

248 4170 323 4239 Eup,
345 4170 508 4239 improbans
530 4171 604 4239 praed
625 4188 713 4239 supra
742 4171 842 4225 addidi
865 4172 911 4240 qui
980 4172 1013 4226 25
1039 4174 1167 4226 creatoris
1190 4173 1301 4242 scripsi:
1322 4190 1395 4226 crea·

248 4259 319 4312 turis
336 4257 399 4312 MR
