3250 4959
336 416 401 480 506
565 410 681 476 Quinti
702 411 844 482 Septimi
862 409 1032 465 Florentia
1050 409 1254 464 Tertulliani

336 607 392 672 sed
425 613 540 671 ‘nemo
574 608 659 685 scit,
691 607 753 688 qui
787 607 839 671 sit
870 610 986 690 pater,
1020 605 1094 670 nisi
1120 604 1242 680 filius,
1271 606 1309 668 et
1337 604 1402 686 qui
1429 603 1476 667 sit

335 713 457 793 filius,
477 714 554 780 nisi
572 717 689 796 pater,
712 711 829 799 [nemo
850 714 933 777 euim
954 713 1028 778 seit
1045 713 1187 795 patrem
1212 710 1287 776 nisi
1311 710 1421 775 iilius
1443 715 1475 773 et

334 821 462 886 filium
482 821 559 886 nisi
574 817 692 908 peter]
709 823 745 886 et
764 821 988 902 cuicumque
1001 819 1111 886 filius
1125 817 1370 894 reuelauerit,
1386 821 1475 899 atque

335 927 380 992 ita
413 926 560 993 Christus
594 929 741 1012 ignotum
774 928 870 992 deum
901 927 1117 1011 praedicauit.
1148 925 1223 991 hinc
1255 925 1339 990 enim
1368 928 1401 990 et
1426 923 1477 988 alii

335 1034 486 1098 haeretici
508 1033 694 1112 fulciuntur,
719 1038 915 1118 opponentes
938 1035 1110 1098 creatorem
1132 1031 1280 1096 omnibus
1302 1034 1426 1098 notum.
1447 1034 1475 1094 et
1500 1049 1510 1087 ε

333 1140 466 1205 Israheli
502 1141 679 1207 secuudum
721 1140 969 1205 familiaritatem
1010 1143 1043 1204 et
1081 1137 1264 1205 nationibus
1307 1137 1476 1202 secundum

333 1249 487 1311 naturam.
518 1250 550 1312 et
578 1247 737 1330 quomodo
766 1247 835 1329 ipse
862 1250 1001 1312 testatur
1023 1264 1081 1310 neo
1103 1244 1236 1310 israheli
1260 1243 1424 1327 cognitum
1445 1261 1476 1306 se

333 1390 376 1400 —
413 1353 561 1418 Israhel
595 1358 718 1418 autem
753 1374 807 1419 me
841 1373 913 1418 nou
946 1352 1127 1438 cognouit
1161 1353 1198 1416 et
1228 1349 1395 1433 populus
1426 1368 1477 1412 me

332 1478 401 1523 non
425 1458 621 1524 intellexit
640 1497 682 1506 -
703 1479 761 1526 nec
780 1461 985 1525 nationibus?
1009 1478 1094 1524 eece
1112 1458 1197 1524 enim
1215 1475 1283 1523 uec
1302 1457 1346 1522 de
1365 1457 1477 1520 natio-

333 1564 455 1642 nibus,
474 1566 588 1649 inquit,
612 1585 727 1633 nemo.
752 1571 882 1650 propter
900 1565 984 1649 quod
1002 1570 1035 1632 et
1052 1567 1124 1631 illas
1143 1564 1345 1630 stillicidium
1365 1562 1477 1628 situlae
1493 1580 1516 1624 ro

299 1657 302 1665 ’
332 1671 500 1755 deputarit
528 1677 561 1738 et
585 1671 712 1739 Sionem
736 1679 903 1757 tamqnam
925 1674 1088 1757 speculam
1110 1673 1143 1738 in
1166 1673 1261 1736 uinea
1284 1670 1477 1734 derelictam.

331 1777 405 1842 uide
435 1797 521 1862 ergo,
550 1797 588 1843 an
623 1779 818 1845 confirmatio
852 1781 896 1846 sit
918 1779 1121 1863 propheticae
1147 1778 1237 1843 noeis
1262 1777 1477 1859 exprobrantis

331 1883 541 1967 ignorantiam
569 1885 601 1950 in
627 1886 721 1952 deum
744 1887 926 1964 humanam,
956 1905 1036 1971 quae
1059 1883 1155 1950 fuerit
1176 1883 1217 1949 ad
1239 1883 1342 1948 filium
1366 1901 1476 1966 usque.

331 2010 403 2054 nam
428 1995 460 2057 et
482 1992 553 2057 ideo
579 1993 743 2058 subtexuit
765 1993 804 2057 ab
829 2013 866 2058 eo
890 1993 1039 2078 cognosci
1057 1996 1190 2076 patrem,
1214 1991 1266 2056 cui
1284 1990 1373 2056 tilius
1392 2007 1477 2055 reue·

330 2096 455 2177 lauerit,
489 2099 639 2181 qnoniam
671 2100 740 2183 ipse
773 2105 851 2178 erat,
885 2101 940 2183 qui
966 2099 1091 2183 positus
1124 2117 1143 2164 a
1173 2102 1263 2183 patre
1298 2097 1331 2160 in
1369 2097 1475 2161 lumen
1492 2113 1516 2152 ιε

330 2205 495 2269 nationum
515 2206 770 2282 adnuntiabatur,
789 2209 902 2290 utique
921 2207 960 2272 de
979 2206 1037 2272 deo
1055 2204 1358 2281 inluminandarnm,
1378 2203 1476 2268 >etiam

329 2309 490 2390 israhelis,
514 2311 626 2394 utique
648 2333 706 2394 per
728 2314 922 2398 agnitionem
946 2313 996 2378 dei
1019 2312 1203 2396 pleniorem.
1230 2312 1277 2376 ita
1299 2329 1362 2375 non
1385 2309 1476 2394 profi·

330 2415 414 2480 cient
436 2423 621 2501 argumenta
642 2419 674 2483 in
698 2419 792 2484 fidem
813 2421 863 2485 dei
881 2420 1023 2499 alterius,
1045 2439 1126 2503 quae
1145 2418 1278 2484 creatori
1297 2420 1476 2500 competere

328 2528 474 2604 possunt,
503 2525 577 2606 qnia
606 2543 685 2607 quae
709 2545 770 2590 uon
796 2531 977 2609 competent
999 2525 1141 2602 creatori,
1170 2525 1248 2590 haee
1270 2527 1423 2606 potemnt
1444 2522 1474 2587 in

329 2626 422 2692 fidem
446 2630 596 2711 proficere
620 2631 670 2696 dei
694 2633 834 2698 alterius.
891 2633 926 2699 Si
944 2637 977 2698 et
995 2632 1162 2716 sequentia
1178 2631 1347 2714 inspicias:
1370 2628 1474 2694 beati
1491 2649 1517 2688 ro

329 2735 442 2814 oculi,
467 2737 530 2819 qui
553 2737 685 2804 uident
709 2759 801 2821 quae
824 2740 983 2805 uidetis:
1012 2739 1096 2805 dico
1120 2739 1217 2803 enim
1239 2738 1363 2814 uobis,
1386 2737 1474 2819 quie

326 2843 533 2924 prophetae
557 2864 627 2910 non
652 2846 832 2910 uiderunt
855 2865 948 2929 qnae
971 2865 1038 2912 uos
1066 2845 1220 2922 uidetis,
1250 2844 1288 2909 de
1311 2843 1474 2926 superiore

216 2961 221 2970 ·
327 2965 423 3013 seusu
443 2951 639 3017 descendunt
656 2953 748 3017 adeo:
773 2953 941 3026 neminem,
965 2957 1004 3018 nt
1021 2952 1138 3028 denuit,
1158 2951 1251 3016 deum
1271 2951 1474 3034 cognouisse.

327 3055 452 3135 quando
477 3077 534 3123 nec
556 3059 727 3142 prophetae
752 3059 909 3124 uidissent
932 3078 1012 3142 quae
1036 3060 1095 3124 sub
1121 3058 1246 3124 Christo
1274 3058 1475 3123 uidebantur.

326 3179 398 3224 nam
423 3161 451 3226 si
474 3181 534 3227 non
554 3184 644 3230 meus
664 3168 750 3230 esset
769 3165 927 3242 Christus,
951 3184 1010 3231 nec
1027 3165 1251 3250 propbetamm
1270 3164 1330 3230 boe
1349 3166 1383 3230 in
1401 3166 1474 3232 loco
1490 3181 1516 3222 a

326 3269 518 3334 mentionem
544 3274 753 3341 conlocasset.
777 3272 853 3355 quid
878 3273 961 3337 enim
980 3273 1107 3348 mirum,
1131 3273 1160 3336 si
1178 3291 1238 3338 nou
1257 3271 1406 3338 uiderant
1423 3292 1474 3337 res

418 3392 441 3460 1]
461 3391 525 3446 Luc.
544 3393 584 3456 10,
600 3395 644 3447 22.
683 3394 962 3465 2][n1etth.11,at.]
999 3395 1029 3464 6]
1049 3393 1083 3448 ei.
1097 3395 1174 3451 Rom.
1195 3395 1218 3454 1.
1233 3394 1348 3451 ls-ab.
1384 3393 1473 3464 slas.

329 3479 352 3546 1,
368 3479 392 3534 3.
443 3480 670 3552 91Es.55,5(?)
723 3482 1011 3551 101cf.us.4o,15.
1066 3483 1111 3552 11]
1132 3482 1166 3536 ci.
1184 3480 1231 3536 Ea.
1252 3483 1275 3547 l,
1295 3483 1320 3536 8.
1374 3483 1418 3552 14]
1439 3482 1473 3536 ei.

328 3565 392 3624 Luc.
415 3568 455 3632 10,
475 3570 517 3623 22.
575 3573 618 3640 15]
638 3573 670 3626 es.
690 3571 735 3625 Es.
756 3573 799 3636 49,
819 3572 844 3625 6.
900 3572 944 3639 ab}
965 3573 1028 3625 Luc.
1049 3571 1091 3641 10,
1111 3572 1225 3625 23-24.

362 3673 476 3730 2nerno
502 3676 571 3730 euim
592 3678 643 3731 scit
667 3681 771 3746 patrem
795 3678 849 3731 nisi
871 3677 944 3731 filius
964 3683 992 3731 et
1013 3677 1100 3732 fllium
1123 3679 1176 3732 nisi
1198 3680 1276 3747 pater
1294 3677 1396 3730 delectit
1422 3676 1475 3731 Gel

328 3762 343 3814 i
364 3765 489 3816 naturam
506 3763 571 3818 ser.-
585 3765 736 3819 naturalem
752 3765 822 3827 MR,
837 3765 988 3818 naturalem
999 3764 1204 3834 (agnitionem)
1208 3766 1280 3833 sort.
1335 3765 1353 3817 8
1367 3781 1474 3832 porea·

328 3850 416 3905 ibeain
434 3853 563 3906 leodicum
608 3855 624 3907 9
644 3855 799 3908 nationibus
815 3854 896 3922 Mle,
915 3855 1034 3908 nationis
1047 3855 1083 3920 F,
1102 3854 1227 3907 nationes
1242 3851 1281 3908 12²
1326 3853 1361 3906 12
1375 3854 1473 3907 confir-

327 3941 411 3994 matio
427 3940 461 4008 R,
481 3943 662 3997 conformatio
676 3944 740 4003 ΜΡ
792 3944 866 3997 uocis
880 3943 923 4008 M,
941 3945 1017 3998 uocis
1030 3948 1059 3998 et
1071 3943 1099 3998 B
1137 3942 1209 3996 1511:
1223 3943 1315 3997 lumen
1329 3943 1473 3996 nationum

325 4034 370 4092 (ε
391 4027 427 4092 εἰς
448 4037 503 4100 φῶς
523 4031 608 4083 ἐθνῶν
628 4035 662 4100 cf.
680 4035 746 4097 424,
762 4035 791 4096 2)
806 4034 918 4100 seripai:
933 4033 1105 4086 inluminatio
1118 4031 1260 4085 nationum
1273 4030 1344 4098 MR,
1361 4031 1473 4086 inlumi-

325 4119 430 4172 nationi
449 4121 588 4174 nationum
612 4121 676 4190 Eup
753 4123 784 4176 17
809 4121 918 4175 Israelis
940 4122 977 4190 R,
994 4122 1137 4176 israhelem
1155 4119 1221 4174 aff
1295 4123 1328 4175 19
1346 4137 1401 4173 non
1419 4136 1473 4175 om.

327 4209 361 4262 M
454 4215 608 4280 competent
627 4211 667 4278 M,
688 4217 845 4282 competunt
863 4211 983 4281 Ruulpo
1068 4211 1103 4265 22
1121 4210 1259 4279 superiore
1276 4209 1320 4272 M,
1338 4211 1472 4279 superiori

327 4295 447 4366 Ruulpo
