3250 4959
312 305 374 369 568
534 301 653 366 Quinti
672 301 815 372 Septimi
833 302 1007 356 Florentia
1026 301 1232 356 Tertulliani

312 516 367 562 cur
394 496 505 562 adicit:
534 499 566 562 et
589 497 714 573 scitote,
743 496 831 579 quia
860 516 928 582 ego
958 516 1049 576 sum,
1078 518 1173 581 quom
1202 497 1327 563 scilicet
1350 517 1456 580 corpo·

311 623 399 670 reum
431 607 514 669 retro
548 606 720 669 nouerant?
754 606 810 669 aut
842 604 869 669 si
901 604 1089 686 phantasma
1120 608 1188 670 erat
1219 623 1456 688 usquequaque,

312 729 368 777 cur
394 710 467 776 illos
495 711 684 796 phantasma
712 710 875 776 credentes
903 711 1106 793 increpabat?
1134 712 1243 795 atquin
1275 711 1381 777 adhuc
1413 713 1456 775 eis

312 836 373 883 non
392 817 593 883 credentibus
614 821 779 901 propterea
802 817 908 883 cibum
933 817 1136 896 desiderauit,
1161 822 1198 883 ut
1220 838 1255 882 se
1279 818 1458 884 ostenderet

313 925 406 989 etiam
431 924 540 989 dentes
565 924 689 991 habere.

355 1030 574 1113 Impleuimus,
616 1033 653 1095 ut
695 1030 814 1113 opinor,
853 1031 1067 1114 sponsionem.
1109 1031 1311 1097 exhibuimus
1349 1031 1458 1097 lesum

312 1136 474 1202 Christum
497 1137 722 1219 prophetarum
747 1136 898 1202 doctrinis
922 1137 1088 1202 sententiis
1112 1136 1291 1203 adfectibus
1313 1138 1459 1203 sensibus

314 1243 488 1308 uirtutibus
521 1243 723 1327 passionibus
757 1244 853 1309 etiam
881 1244 1112 1309 resurreetione
1147 1263 1208 1309 non
1236 1244 1338 1308 alium
1367 1264 1460 1327 quam

312 1350 472 1428 creatoris,
506 1350 663 1434 siquidem
702 1354 733 1415 et
771 1350 932 1434 apostolos
969 1352 1100 1417 mittens
1138 1352 1178 1416 ad
1213 1351 1461 1434 praedicandum

311 1457 471 1523 uniuersis
499 1457 679 1523 nationibus
702 1456 735 1521 in
760 1476 886 1523 omnem
910 1460 1024 1521 terram
1049 1458 1131 1522 exire
1155 1477 1269 1523 sonum
1293 1477 1406 1523 eorum
1429 1461 1460 1521 et
1476 1484 1500 1522 rc

311 1563 342 1627 in
357 1563 508 1628 terminos
523 1567 623 1628 terrae
644 1581 738 1628 uoces
759 1582 869 1628 corum
888 1565 1047 1645 psalmum
1067 1563 1266 1648 adimplendo
1286 1565 1460 1647 praecepit.

311 1669 462 1736 misereor
484 1669 542 1751 tui,
571 1669 727 1746 Marcion3
752 1669 870 1735 frustra
892 1670 1054 1736 laborasti.
1089 1669 1234 1737 Christus
1260 1671 1344 1736 enim
1370 1671 1460 1736 Iesus

312 1776 344 1841 in
368 1775 532 1861 euangelio
556 1780 611 1842 tuo
636 1794 726 1842 meus
752 1780 810 1841 est.

718 1984 846 2041 LIBER
866 1985 1057 2052 QVINTVS.

358 2114 385 2177 l.
409 2075 507 2176 Nihil
535 2113 602 2177 sine
627 2112 747 2197 origine
775 2113 837 2179 nisi
862 2112 940 2178 deus
964 2114 1062 2179 solus.
1092 2133 1171 2196 quae
1196 2117 1351 2197 quantum
1375 2132 1461 2197 prae.
1477 2131 1499 2171 ¹⁵

314 2218 399 2284 cedit
426 2218 457 2282 in
486 2221 574 2283 statu
603 2218 743 2283 omnium
771 2237 886 2298 rerum,
916 2223 1041 2284 tantum
1063 2219 1231 2302 praecedat
1253 2237 1386 2284 neccsse
1410 2223 1459 2283 est

313 2323 407 2389 etiam
431 2322 463 2387 in
486 2325 657 2389 retractatu
682 2343 798 2402 earum,
827 2328 864 2390 ut
892 2329 1035 2390 constare
1063 2324 1102 2389 de
1130 2328 1216 2390 statu
1244 2324 1357 2409 possit,
1385 2325 1459 2407 quia

313 2447 369 2493 nec
393 2427 509 2495 habeas
533 2428 687 2512 dispicere
712 2430 787 2513 quid
812 2431 904 2515 quale
929 2433 979 2512 sit,
1006 2431 1069 2496 nisi
1096 2436 1203 2497 certus
1231 2451 1269 2496 au
1298 2433 1353 2506 sit,
1387 2450 1459 2496 cunr

313 2535 499 2619 cognoueris
522 2535 604 2600 unde
629 2537 682 2602 sit.
706 2542 738 2602 et
761 2538 831 2603 ideo
856 2557 892 2603 ex
911 2538 1057 2622 opusculi
1076 2538 1184 2604 ordine
1204 2537 1243 2602 ad
1262 2537 1343 2601 hanc
1361 2541 1458 2601 matc-

313 2641 391 2706 riam
420 2641 591 2708 deuolutus
623 2645 760 2727 apostoli
789 2663 914 2727 quoquo
942 2643 1034 2709 Pauli
1062 2644 1215 2728 originem
1248 2664 1266 2708 a
1297 2643 1497 2709 Marcionem

314 2746 468 2828 desidero,
498 2769 600 2815 nouus
630 2751 728 2833 aliqui
756 2750 934 2835 discipulus
963 2769 1021 2816 nec
1044 2751 1143 2816 ullius
1166 2751 1298 2816 alterius
1322 2750 1458 2827 auditor,

314 2855 368 2938 qui
392 2856 470 2922 nihil
493 2857 620 2923 iuterim
644 2859 768 2924 credam
793 2859 855 2924 nisi
878 2859 956 2924 nihil
980 2863 1097 2924 temere
1116 2858 1316 2936 credendum,
1339 2861 1459 2923 temere

313 2977 404 3042 porro
424 2963 509 3028 credi
528 2964 750 3049 quodcumque
770 2966 837 3030 sine
853 2965 983 3049 originis
998 2963 1157 3049 agnitione
1172 2963 1326 3042 credetur,
1341 2964 1459 3046 quique

315 3065 500 3150 dignissime
520 3069 559 3134 ad
578 3071 826 3136 sollicitudinem
845 3071 986 3154 redigam
1005 3071 1099 3134 istam
1118 3069 1367 3152 inquisitionem,
1387 3087 1459 3133 cum

314 3173 341 3237 is
364 3175 443 3240 mihi
467 3176 650 3242 adfirmatur
673 3178 848 3260 apostolus,
873 3196 966 3260 quem
988 3177 1020 3242 in
1044 3177 1116 3244 albo
1140 3176 1356 3259 apostolorum
1376 3174 1459 3258 apud
1476 3197 1501 3239 a

316 3282 516 3366 euangelium
550 3303 610 3349 non
644 3283 850 3367 deprehendo.
878 3283 1013 3365 denique
1042 3283 1173 3348 audieus
1201 3285 1314 3365 postea
1340 3301 1413 3348 eum
1441 3301 1460 3346 a

316 3387 440 3454 domiuo
466 3389 626 3455 adlectum
649 3391 712 3455 iam
735 3390 766 3455 in
791 3389 887 3455 caelis
912 3389 1106 3472 quiescente,
1132 3389 1224 3472 quasi
1246 3388 1458 3472 improuidos·

315 3495 393 3560 tiam
408 3496 563 3578 existimo,
583 3498 611 3561 si
627 3516 686 3562 non
701 3500 773 3562 anto
793 3497 869 3562 sciit
885 3496 977 3560 illum
996 3495 1057 3561 sibi
1072 3495 1285 3561 necessarium
1302 3494 1458 3572 Christus,

316 3601 372 3666 sed
394 3601 458 3667 iam
483 3603 626 3670 ordinato
650 3603 754 3670 officio
779 3602 977 3685 apostolatus
1002 3605 1034 3666 et
1056 3603 1087 3666 in
1118 3621 1175 3667 sua
1205 3621 1300 3684 opera
1327 3601 1458 3668 dimisso

406 3742 432 3813 1]
453 3741 485 3797 ci.
505 3743 571 3799 Luc.
590 3745 632 3814 24,
652 3746 696 3799 39.
749 3745 778 3813 4]
799 3743 832 3798 el.
853 3743 917 3800 Luc.
937 3745 980 3806 24,
1000 3743 1115 3798 41-43.
1166 3742 1193 3812 9]
1214 3741 1248 3799 ci.
1268 3741 1333 3797 Luc.
1352 3741 1396 3804 24,
1415 3740 1458 3794 47.

319 3832 363 3901 10]
382 3831 415 3886 ci.
434 3833 478 3887 Ps.
500 3834 542 3902 18,
562 3835 586 3890 5.
642 3835 689 3903 26]
709 3832 743 3887 cf.
762 3835 821 3886 Act.
842 3835 867 3894 9.
888 3834 965 3886 1-9,

353 3939 385 3991 13
409 3936 595 3994 ADVERSVS
620 3927 813 3994 MARCIONR
833 3927 893 3992 Ll'l‘l
919 3937 1084 4003 QVARTVS
1112 3935 1295 4001 EXPLICIT,
1322 3935 1460 3991 INCIPIT

316 4015 379 4082 LlR
396 4025 552 4094 QVINTVS
571 4029 607 4082 M
659 4031 694 4084 20
713 4029 791 4083 Pauli
811 4045 863 4084 om.
881 4029 928 4093 Ie.
944 4025 1168 4097 praebentMR³
1221 4025 1256 4081 23
1276 4025 1402 4080 credetur
1418 4024 1461 4089 lis,

316 4116 434 4171 creditur
451 4117 571 4188 Ruulpo
626 4119 661 4173 24
680 4117 837 4188 dignissime
857 4139 891 4162 =
909 4118 1093 4171 camarciaco
1147 4116 1182 4169 27
1201 4115 1359 4184 quiescente
1378 4111 1462 4181 ΜΒ),

317 4206 499 4274 quiescentem
517 4205 557 4261 R²
611 4207 645 4262 28
665 4207 727 4261 sciit
745 4206 855 4275 scripsi:
874 4206 927 4259 scit
945 4203 1028 4272 MR1,
1047 4205 1130 4259 sciuit
1148 4203 1188 4259 R³
