3250 4959
345 438 409 501 372
568 434 685 499 Quinti
706 434 848 505 Septimi
867 435 1040 489 Florentio
1059 435 1267 489 Tertulliani

344 633 491 707 cultores
516 650 598 695 nunc
621 650 696 695 uero
721 635 752 695 et
776 631 936 696 haeretici.
965 632 1051 695 iurat
1071 632 1172 715 igitur
1194 650 1250 713 per
1272 632 1511 713 semetipsum.

343 743 381 803 ut
408 738 461 802 nel
483 738 599 801 iuranti
624 738 682 803 deo
708 738 818 802 credas
843 738 942 802 alium
965 738 1061 802 deum
1086 738 1212 802 omnino
1236 758 1297 803 non
1321 757 1406 802 esse.
1438 740 1510 803 hcc

343 848 380 909 ut
404 844 481 909 deus
505 844 634 921 iaceret,
659 848 693 907 tu
720 863 857 926 quoque,
881 844 1035 921 Marcion,
1060 844 1204 927 coegisti.
1227 843 1290 907 iarn
1314 847 1396 909 tnnc
1415 848 1511 909 enim

344 952 570 1035 prouideharis.
595 951 726 1034 proinde
750 952 778 1015 si
802 954 835 1015 et
857 951 888 1014 in
913 950 1178 1034 promissionibus
1202 954 1258 1015 ent-
1275 952 1510 1015 comminatio—

344 1058 437 1123 nibus
461 1059 555 1135 iurat,
578 1058 672 1121 fidem
697 1058 728 1120 in
752 1057 932 1139 primordiis
956 1058 1086 1121 arduam
1111 1062 1311 1139 extorquens,
1335 1058 1420 1122 nihil
1439 1060 1508 1123 deo
1538 1082 1551 1121 s

343 1165 510 1248 indiguum
535 1168 594 1242 est,
619 1164 703 1246 quod
728 1164 828 1228 eflicit
851 1164 909 1229 deo
934 1164 1068 1228 credere.
1098 1164 1178 1228 satis
1203 1167 1235 1228 et
1256 1168 1333 1228 tnnc
1356 1166 1508 1247 pusillus

346 1272 424 1335 dcus
448 1271 479 1334 in
504 1272 575 1353 ipsa
597 1271 694 1335 etiam
719 1270 836 1334 ferocia
860 1290 928 1346 sua,
953 1288 1024 1334 cum
1049 1270 1088 1335 ob
1108 1270 1206 1333 nitnli
1225 1272 1506 1336 consecrationem

345 1378 492 1442 efferatus
511 1378 542 1440 in
562 1376 715 1459 populum
736 1376 774 1439 de
794 1376 914 1441 famulo
934 1395 992 1441 suo
1012 1376 1156 1459 postulat
1174 1376 1299 1459 Moyse:
1324 1376 1408 1441 sine
1432 1396 1506 1443 me.

346 1490 382 1548 et
401 1483 622 1567 indignatus
642 1483 697 1546 ira
717 1482 930 1564 disperdam
950 1484 1040 1547 illos
1064 1484 1260 1547 etfaciam
1282 1486 1319 1547 te
1343 1483 1380 1547 in
1405 1485 1506 1547 nati·

344 1611 450 1657 onem
474 1608 653 1673 magnam.
679 1590 762 1655 unde
785 1590 948 1653 meliorem
972 1590 1083 1655 soletis
1102 1588 1265 1654 adfirmare
1284 1588 1420 1672 Moysen
1440 1591 1505 1655 deo
1524 1616 1548 1653 re

345 1716 415 1773 suo,
449 1678 695 1779 deprecatorem,
729 1696 827 1760 immo
856 1700 888 1759 ct
915 1696 1141 1778 prohibitorem
1170 1696 1244 1761 irae.
1275 1716 1345 1760 non
1375 1697 1503 1761 facies

346 1804 440 1881 euim,
469 1803 581 1885 inquit,
615 1800 730 1867 istud.
766 1809 831 1866 aut
863 1806 900 1865 ct
932 1820 985 1864 me
1017 1820 1088 1865 nna
1116 1821 1198 1865 cnm
1228 1803 1283 1865 eis
1312 1802 1501 1883 impende.

345 1910 516 1974 miserandi
545 1928 602 1973 uos
629 1927 754 1990 quoqne
779 1926 850 1972 curn
880 1908 1009 1991 populo,
1039 1908 1093 1989 qni
1122 1907 1283 1973 Christum
1311 1928 1373 1973 non
1400 1928 1502 1991 agno-

346 2016 447 2099 scitis
462 2018 494 2080 in
513 2034 649 2099 persona
664 2016 769 2097 Moysi
788 2014 971 2097 figuratum,
986 2015 1086 2096 patris
1105 2014 1341 2097 deprecatorem
1361 2019 1394 2079 et
1414 2015 1502 2079 obla-

345 2129 445 2187 torem
467 2124 590 2186 animae
615 2139 690 2185 suae
714 2140 769 2202 pro
793 2121 905 2203 populi
924 2122 1036 2185 salute.
1061 2120 1117 2184 sed
1137 2120 1267 2186 sufficit.
1292 2122 1320 2185 si
1338 2125 1373 2184 et
1389 2121 1499 2203 Moysi
1520 2150 1542 2189 rs

346 2229 470 2312 proprie
504 2229 639 2294 donatus
674 2231 723 2291 est
754 2228 893 2309 populns
927 2227 966 2291 ad
993 2246 1151 2309 praesens.
1184 2226 1269 2309 quod
1298 2232 1335 2290 nt
1357 2226 1500 2291 famulus

346 2335 507 2417 postulare
526 2338 635 2418 posset
655 2354 673 2396 a
693 2334 831 2408 domino,
855 2334 887 2397 id
907 2334 1054 2398 dominus
1074 2352 1092 2397 a
1110 2353 1144 2397 se
1161 2334 1349 2415 postulauit
1374 2334 1416 2398 ad
1438 2335 1499 2399 hoc

346 2442 428 2505 euim
456 2442 576 2505 famulo
607 2440 698 2505 dixit:
732 2440 813 2504 sine
841 2460 908 2517 me,
942 2446 980 2505 et
1007 2440 1221 2524 disperdam
1249 2440 1353 2515 illos,
1381 2447 1422 2505 nt
1444 2442 1498 2504 ille

345 2546 535 2630 postulando
569 2552 600 2611 et
634 2545 844 2627 semetipsum
878 2545 1034 2610 offerendo
1067 2564 1129 2609 non
1162 2546 1289 2621 sineret,
1323 2550 1421 2628 etque
1453 2548 1498 2610 ito

346 2654 495 2729 disceres,
520 2655 673 2733 quantum
697 2652 793 2715 liceat
815 2650 901 2714 tideli
926 2656 958 2715 et
980 2653 1152 2734 prophetae
1175 2652 1258 2734 apud
1282 2652 1390 2717 deum.
1513 2684 1539 2719 ιο

391 2761 442 2824 27.
463 2760 527 2822 lam
547 2777 640 2835 nunc,
657 2763 693 2822 ut
709 2764 740 2822 et
760 2762 865 2822 cetera
883 2758 1068 2840 compendio
1088 2758 1262 2837 absoluam,
1277 2777 1497 2842 quaecumque

346 2866 448 2930 adhuc
476 2870 513 2929 nt
540 2865 657 2948 pusilla
686 2868 717 2929 ct
745 2864 869 2928 infirma
897 2869 929 2929 et
955 2865 1086 2949 indigna
1113 2864 1267 2949 colligitis
1290 2865 1331 2929 ad
1355 2866 1496 2931 destruc-

346 2975 464 3037 tionem
495 2974 655 3049 creatoris,
689 2973 829 3055 simplici
859 2977 890 3036 et
923 2976 1008 3036 certa
1035 2972 1155 3037 ratione
1182 2991 1370 3054 proponam:
1402 2973 1495 3037 deum

346 3098 407 3143 non
426 3079 570 3159 potuisse
590 3079 745 3142 humanos
766 3097 956 3161 congressus
975 3079 1064 3154 inire,
1084 3078 1146 3142 nisi
1165 3078 1320 3143 humanos
1337 3084 1370 3142 et
1384 3098 1495 3143 sensus

347 3190 379 3249 et
407 3186 549 3250 adfectus
579 3186 783 3265 suscepisset,
811 3204 868 3267 per
896 3204 975 3267 qnos
1005 3186 1070 3249 uim
1098 3186 1277 3250 maiestatis
1301 3204 1390 3259 suae,
1415 3186 1495 3250 intc-
1511 3214 1536 3251 ,2

346 3292 509 3356 lerabilem
533 3292 643 3374 utiquc
667 3292 821 3355 humanae
846 3291 1067 3367 mediocritati,
1089 3290 1272 3355 bumilitate
1295 3296 1494 3373 temperaret.

346 3398 408 3462 sibi
434 3398 560 3480 quidem
586 3398 728 3481 indigna,
751 3396 872 3462 homini
895 3401 1003 3462 autem
1025 3397 1212 3471 necessaria,
1238 3401 1270 3462 ct
1292 3398 1339 3461 ita
1355 3398 1419 3463 iam
1439 3398 1494 3462 deo

347 3506 450 3588 digna,
485 3505 559 3587 qnia
587 3503 665 3567 nihil
694 3507 760 3567 tarn
789 3504 921 3587 dignum
950 3504 1008 3567 dec
1039 3524 1132 3586 qnam
1162 3506 1249 3569 salus
1279 3504 1424 3569 hominis.
1458 3504 1494 3567 de

345 3613 408 3675 isto
424 3611 569 3695 pluribus
584 3614 795 3687 retractarem,
812 3611 840 3674 si
856 3630 926 3676 curn
944 3609 1078 3675 ethnicis
1094 3628 1229 3695 agerem,
1245 3648 1289 3655 ——
1303 3630 1491 3693 qrrnmqnam

347 3722 377 3781 et
412 3737 484 3781 cum
523 3717 691 3781 haereticis
729 3736 789 3780 non
832 3718 933 3781 multo
974 3717 1101 3781 ‹lirrerso
1142 3719 1323 3801 congressio
1364 3754 1405 3763 —
1440 3716 1536 3781 sedas

437 3842 464 3909 8]
485 3838 568 3893 Exod.
590 3841 632 3895 32.
654 3840 695 3893 10.
752 3840 795 3907 11]
816 3842 848 3895 ci.
869 3838 951 3891 Exod.
972 3840 1015 3903 32,
1035 3840 1078 3891 32.

385 3932 396 3982 1
418 3928 549 3982 haeretici
568 3927 603 3986 11¹.
623 3928 774 3981 haereticos
794 3928 828 3979 M
882 3929 968 3997 igitur
986 3928 1056 3988 MR,
1077 3944 1141 3997 crgo
1160 3928 1190 3981 F
1241 3929 1259 3981 9
1278 3928 1437 3998 indignatus
1455 3928 1491 3981 ira

346 4018 373 4071 R
391 4017 541 4087 (θυμωθεὶς
561 4016 646 4087 ops-p),
666 4018 693 4069 iu
713 4017 753 4069 ira
771 4017 808 4069 M
870 4018 903 4069 12
923 4018 1013 4085 iuquit
1031 4034 1081 4071 om.
1101 4016 1129 4070 n
1194 4016 1490 4071 remismundum.

347 4104 498 4159 miserando
514 4104 552 4157 12²
600 4105 748 4173 ‘Edpusilln
769 4105 864 4159 ouuF
906 4106 942 4157 ‘24
961 4106 1083 4173 potuisse
1102 4104 1137 4171 R,
1156 4105 1247 4174 potius
1266 4106 1348 4159 scd!
1390 4106 1424 4158 29
1438 4122 1491 4172 pn·

347 4196 483 4248 rerrtlresin
502 4193 630 4246 hodicaui
698 4194 731 4246 30
752 4196 856 4246 etcum
878 4193 947 4259 MR,
966 4210 1015 4245 nec
1034 4210 1095 4247 cum
1118 4192 1171 4247 Ura
1247 4210 1300 4246 non
1320 4194 1406 4247 multo
1425 4191 1490 4246 MR.

346 4284 432 4337 multo
456 4282 508 4335 d'ru
590 4280 697 4333 diuersa
716 4298 766 4334 oar.
785 4282 812 4335 Id
885 4281 1124 4349 congressio—sed
1144 4285 1278 4351 quatenus
1297 4283 1412 4351 scn'psr’:
1431 4298 1488 4335 cun·

347 4372 448 4441 gressio
469 4374 531 4425 stet.
552 4374 684 4439 qrratenus
703 4369 744 4437 M,
766 4374 820 4423 stet
839 4371 1003 4439 congressio.
1024 4373 1156 4439 qnatenus
1176 4370 1203 4423 B
