3250 4959
345 440 410 504 550
573 437 689 504 Quinti
712 440 852 510 Septimi
870 439 1043 494 Florentia
1061 439 1266 494 Tertulliani
1314 497 1319 504 ‚

346 633 433 698 aliud
466 633 642 700 consulenti
675 634 761 699 aliud
789 635 979 716 respondere
1013 635 1170 700 dementis
1200 638 1260 712 est,
1293 654 1356 719 quo
1389 637 1487 720 magis

346 740 473 804 absita
497 739 621 806 Christo
647 741 731 824 quod
759 761 797 806 ne
825 741 948 806 homini
980 742 1107 825 quidem
1141 741 1297 806 conuenit
1327 741 1488 811 Seducaei.

343 847 584 913 resurrectionis
613 852 790 934 negatores,
819 847 858 913 de
886 869 924 913 ea
946 849 1098 914 habentes
1121 849 1403 934 interrogationem
1426 870 1488 933 pro

346 959 516 1037 posuerant
548 954 674 1020 dominc
707 975 744 1020 er
774 956 847 1040 lege
874 956 1038 1020 materiam
1071 955 1225 1035 mulieris,
1257 975 1339 1038 quae
1372 963 1490 1038 septem

345 1061 495 1126 fratribus
528 1081 563 1126 er
596 1062 703 1126 ordine
742 1062 900 1128 defunctis
938 1061 1111 1127 secundum
1148 1068 1357 1146 praecaptum
1391 1062 1530 1147 legales

346 1169 519 1250 nupsisset,
553 1169 644 1233 cuius
677 1168 738 1234 uiri
767 1162 953 1253 deputande
974 1173 1061 1234 esset
1087 1169 1118 1233 in
1145 1171 1388 1235 resurrectione.
1421 1171 1492 1234 haec

347 1274 411 1339 suit
442 1275 573 1340 materia
607 1276 811 1359 quaestionis,
845 1277 924 1342 haec
952 1275 1131 1342 substantia
1158 1276 1420 1353 consultationis3
1457 1279 1492 1342 ad

347 1381 407 1446 hoc
438 1383 639 1464 respondisse
671 1382 833 1448 Christum
865 1402 995 1449 necesse
1029 1387 1089 1448 cst.
1121 1384 1277 1448 neminem
1306 1385 1430 1458 timuit,
1460 1391 1492 1448 nt

348 1489 549 1571 quaestiones
573 1493 629 1554 aut
652 1489 829 1556 declinasse
852 1490 999 1554 uideatur
1022 1493 1078 1554 aut
1095 1509 1152 1574 per
1169 1491 1371 1556 occasionem
1389 1511 1494 1556 aarum

348 1594 433 1678 quod
456 1596 535 1660 alias
558 1595 664 1678 palam
688 1616 750 1661 uon
774 1596 909 1662 docebat
932 1597 1181 1662 subostendisse.
1209 1598 1376 1680 respondit
1398 1599 1494 1682 igitur
1510 1615 1533 1654 n
1614 1672 1615 1687 χ

348 1702 443 1766 huius
469 1701 598 1784 quidem
618 1703 688 1767 aeui
707 1703 790 1768 tilios
809 1703 940 1779 nubere,
959 1739 1002 1750 -
1021 1702 1112 1768 uides
1131 1721 1225 1786 quam
1245 1704 1443 1786 pertinenter
1458 1704 1495 1768 ad

348 1827 488 1887 causam,
513 1809 586 1891 quia
610 1809 648 1874 de
672 1828 751 1874 aeuo
780 1815 915 1876 uenturo
943 1811 1160 1892 quaerebatur,
1188 1811 1220 1874 in
1248 1827 1310 1892 quo
1338 1810 1495 1875 neminem
1614 1844 1615 1877 1

347 1917 464 1980 nubere
497 1915 684 1981 definiturus
716 1917 908 2000 praestruxit
937 1917 990 1980 hic
1023 1916 1149 1999 quidem
1182 1916 1270 1992 nubi,
1303 1916 1361 1981 ubi
1393 1917 1439 1980 sit
1466 1933 1496 1980 et

347 2023 427 2088 mori
447 2043 589 2106 -quos
614 2041 690 2088 uero
715 2022 864 2108 dignatus
884 2024 930 2089 sit
948 2023 1026 2088 deus
1045 2022 1133 2087 illius
1152 2023 1223 2088 acui
1242 2022 1448 2106 possessione
1466 2026 1496 2086 et

347 2131 578 2196 resurrectione
606 2150 624 2195 a
650 2131 786 2196 mortuis
816 2149 917 2213 neque
946 2130 1064 2195 nubere
1094 2148 1195 2212 neque
1224 2129 1312 2207 nubi,
1341 2130 1420 2211 quia
1442 2145 1534 2193 neers

348 2236 495 2302 morituri
522 2237 586 2302 iam
620 2237 694 2315 sint,
729 2255 800 2301 cum
836 2236 958 2301 similes
986 2237 1169 2320 angelorum
1201 2237 1267 2301 sint
1299 2236 1362 2314 dei,
1394 2255 1495 2301 resur·

348 2343 498 2408 rectionis
532 2343 589 2407 filii
622 2344 708 2408 facti.
742 2363 815 2408 cum
847 2342 947 2427 igitur
979 2362 1092 2408 sensus
1125 2342 1339 2426 responsionis
1368 2361 1432 2406 non
1458 2341 1495 2405 ad

349 2449 435 2514 aliud
469 2450 512 2516 sit
543 2449 726 2534 dirigendus
756 2469 850 2534 quam
879 2449 918 2513 ad
941 2450 1140 2532 propositum
1167 2446 1438 2532 interrogationis,
1469 2448 1496 2512 si

349 2557 409 2622 hoo
433 2575 528 2622 sensu
551 2557 764 2639 responsionis
793 2557 993 2640 propositum
1021 2555 1200 2620 absoluitnr
1226 2553 1495 2638 interrogationis,

349 2683 411 2729 non
432 2663 522 2728 ¹aliud
545 2665 707 2747 responsio
732 2663 852 2729 domiui
875 2663 961 2745 sapit
984 2680 1078 2745 quam
1103 2680 1164 2745 quo
1189 2661 1333 2743 quaestio
1357 2659 1535 2726 absolui-a·

349 2773 417 2834 tur:
445 2770 543 2834 habes
567 2773 599 2834 et
622 2774 766 2851 tempora
787 2771 1016 2853 permissarum
1039 2772 1071 2832 ct
1094 2771 1280 2852 negatarum
1302 2767 1496 2849 nuptiarum,

350 2895 410 2940 non
436 2896 471 2941 er
495 2897 554 2942 sua
576 2878 710 2961 propria,
735 2877 790 2942 sed
814 2896 850 2941 er
868 2875 1109 2941 resurrectionis
1129 2874 1325 2958 quaestione,
1349 2873 1448 2938 habes
1465 2879 1498 2936 et
1614 2932 1615 2941 ,

347 2983 451 3066 ipsius
478 2984 718 3049 resurrectionis
747 2983 1015 3049 confirmationem
1045 2986 1078 3047 et
1103 2985 1208 3047 totum
1232 2979 1318 3062 quod
1340 2977 1497 3044 Sadncaei

351 3091 605 3168 sciscitabantur,
639 3109 699 3156 non
729 3090 767 3154 de
795 3091 858 3155 alio
887 3089 945 3155 deo
973 3090 1204 3172 interrogantes
1227 3105 1285 3150 nec
1308 3086 1347 3150 de
1369 3084 1497 3168 proprio
1614 3116 1615 3123 ,

349 3199 530 3282 nuptiarum
563 3199 632 3263 iure
665 3202 862 3280 quaerentes.
896 3196 1011 3279 quodsi
1037 3188 1082 3260 'ad
1115 3213 1152 3259 ea
1182 3193 1261 3258 facis
1293 3190 1537 3275 respondisses
1614 3266 1615 3269 Ἴ

351 3304 522 3386 Christum,
547 3304 585 3370 de
610 3305 725 3387 quibus
749 3323 809 3368 non
835 3307 885 3368 est
907 3302 1084 3378 consultus,
1108 3319 1206 3385 negas
1229 3318 1303 3363 eum
1321 3297 1360 3362 de
1380 3299 1497 3380 quibus

350 3413 563 3496 interrogatus
601 3415 649 3476 est
686 3409 875 3492 respondere
910 3409 1065 3492 potuisse,
1102 3406 1337 3473 saducaeorum
1373 3403 1499 3468 scilicet

377 3645 379 3650 ’
442 3654 469 3722 2]
487 3653 518 3708 cf.
535 3651 598 3706 Luc.
615 3650 657 3718 20,
672 3651 787 3705 27-33.
831 3651 859 3718 5]
873 3648 907 3704 ci.
918 3649 1001 3705 Deut.
1016 3647 1058 3709 25.
1074 3647 1171 3702 5-10.
1209 3647 1254 3715 11]
1270 3644 1305 3700 ci.
1317 3643 1385 3699 Luc.
1399 3645 1497 3708 2234.
1614 3662 1615 3731 ἐ

352 3744 468 3812 14-17]
489 3742 522 3796 cf.
541 3741 606 3795 Luc.
625 3740 669 3804 20,
688 3740 802 3794 35-36.
860 3739 905 3808 16]
926 3740 960 3793 ct.
979 3736 1078 3793 Mettis.
1097 3737 1140 3801 22,
1159 3736 1203 3790 30.
1222 3735 1287 3790 Luc.
1304 3734 1348 3797 20,
1366 3735 1412 3790 36.

387 3900 549 3953 2saducaei
568 3897 637 3962 MF,
658 3896 808 3951 Sadducaei
828 3895 950 3964 Ruulpo
1008 3892 1249 3948 3resurrecticuis
1268 3892 1288 3959 (i
1305 3907 1339 3946 co:
1357 3908 1371 3945 e
1391 3891 1499 3960 card)
1614 3878 1615 3937 i

351 3991 388 4046 M
443 3989 471 4042 ll
489 3987 669 4058 parenthesin
687 3985 817 4040 indicaui
873 3986 904 4038 16
924 3985 981 4038 sint
998 3983 1096 4051 (altero
1114 3983 1184 4048 ioco)
1203 3981 1273 4049 off,
1291 3979 1360 4034 fiant
1377 3979 1499 4049 Recipe

351 4083 408 4134 sint
428 4083 476 4146 (et
499 4078 569 4146 filii>
591 4076 635 4130 dei
652 4079 723 4146 sort.
749 4076 796 4144 (cs.
820 4074 889 4128 Luc.
913 4077 963 4138 20,
988 4077 1038 4140 36)
1115 4069 1319 4124 resurrectionis
1341 4069 1414 4132 MR,
1433 4071 1502 4136 (et)

350 4169 555 4224 resurrectionis
573 4167 623 4221 Gal
636 4167 720 4238 uulgo
769 4166 799 4218 17
814 4164 852 4217 fili
867 4162 905 4216 M
965 4178 1060 4216 sensus
1073 4160 1122 4229 12³,
1136 4177 1232 4214 census
1245 4157 1320 4214 Mic
1365 4159 1399 4210 19
1417 4173 1498 4212 sensu

351 4258 399 4327 12³,
419 4275 500 4312 ceusu
519 4254 594 4311 MR²
666 4255 804 4325 responsio
827 4251 957 4308 Oeormn
1019 4250 1054 4303 20
1073 4249 1107 4302 ad
1126 4247 1202 4302 aliud
1219 4246 1259 4302 R¹
1318 4245 1353 4300 23
1371 4243 1499 4299 saducaei

351 4345 421 4408 MF,
442 4343 593 4398 Sadducaei
612 4341 651 4397 R³
669 4341 752 4412 αιιῑςο
807 4341 842 4394 25
861 4339 1032 4410 respondisse
1050 4333 1301 4406 anteposuere
1319 4333 1441 4403 Ruutgo
