3250 4959
474 376 520 430 VI.
539 377 707 432 Aduersus
725 377 873 432 Praxean
893 379 935 432 21.
1210 383 1276 448 265

127 577 170 636 ut
198 572 325 637 filium
354 591 460 636 suum
489 573 640 638 unicum
669 573 827 650 dederit,
861 573 896 636 iu
926 593 1034 657 quem
1063 574 1183 640 omnis
1213 576 1276 657 qui

128 679 338 744 crediderit
360 699 429 745 uon
448 683 587 762 pereat,
612 679 678 744 sed
700 680 837 744 habeat
860 681 979 744 uitam
999 681 1274 762 sempiternam.

128 791 161 851 et
173 805 303 852 rursus:
323 806 393 851 non
413 787 508 852 enim
527 786 634 852 misit
653 787 744 852 deus
763 787 890 852 lilium
911 789 1070 852 suumin
1092 787 1276 870 mundum,

127 897 170 957 ut
203 893 352 958 iudicet
378 893 564 971 mundum,
598 895 664 960 sod
695 899 736 958 ut
769 895 901 959 saluus
935 895 988 959 sit
1018 894 1179 958 mundus
1211 913 1276 976 per

98 1018 227 1074 reum:
258 1001 322 1083 qui
346 1000 553 1066 crediderit
578 1001 615 1066 in
639 1001 760 1079 illum,
784 1021 853 1066 non
877 1001 1086 1078 iudicatum
1112 1001 1176 1081 qui
1204 1019 1275 1066 non

127 1106 338 1172 crediderit
350 1108 386 1171 in
401 1108 522 1185 illum,
537 1108 610 1171 iam
626 1108 821 1172 iudicatus
837 1111 904 1185 331,
926 1109 1095 1191 quianon
1113 1106 1277 1174 credidit

127 1215 335 1280 innomine
363 1215 464 1278 unici
487 1214 564 1279 filii
590 1215 658 1278 dei.
681 1215 836 1279 lohannes
861 1217 978 1290 autom,
1004 1234 1075 1279 cum
1100 1215 1274 1298 intorroga-

127 1323 173 1384 ret
197 1322 253 1402 qui
278 1320 315 1384 de
339 1321 424 1396 lesu,
449 1338 505 1384 cur
526 1321 678 1404 tingeret:
703 1324 818 1402 pater,
841 1320 957 1403 inquit,
988 1320 1120 1406 diligit
1148 1323 1274 1388 filiurn

128 1429 165 1490 et
188 1427 313 1492 omnia
334 1426 498 1492 tradidit
519 1427 555 1491 in
579 1446 688 1493 mann
712 1427 808 1502 eius3
840 1427 903 1509 qui
927 1427 1051 1492 crodit
1074 1429 1110 1492 in
1135 1428 1274 1507 lilium,

86 1535 244 1600 rohabet
272 1535 391 1600 uitam
424 1540 629 1608 aeternam
664 1535 726 1617 qui
756 1553 826 1599 non
860 1534 983 1599 credit
1013 1536 1050 1598 in
1080 1535 1167 1601 filio
1202 1535 1275 1616 dei,

126 1661 196 1706 non
230 1641 383 1705 uidebit
415 1641 532 1719 doum,
566 1642 631 1705 sed
657 1642 713 1705 ira
745 1640 803 1706 dei
838 1641 1005 1706 manebit
1038 1661 1151 1724 super
1183 1662 1273 1708 eum.

127 1767 223 1829 quem
260 1767 336 1812 uero
375 1748 559 1812 Samaritidi
595 1747 755 1812 ostendit?
798 1748 827 1812 si
864 1748 1028 1827 Moesiam,
1067 1749 1121 1831 qui
1159 1749 1276 1814 dicitur

129 1853 287 1932 Christus,
310 1855 413 1919 lilium
440 1855 552 1936 utique
576 1873 620 1932 so,
649 1874 710 1919 nou
734 1859 866 1938 petrem,
896 1854 1138 1933 demonstrauit,
1167 1855 1276 1938 quiet

127 1963 203 2026 alibi
228 1961 386 2042 Christus,
413 1961 465 2026 dei
487 1961 584 2036 lilius,
613 1980 673 2026 non
698 1965 797 2045 pater,
827 1961 932 2028 dictus
957 1967 1016 2028 est.
1046 1963 1155 2028 exinde
1184 1963 1275 2028 disci-

88 2087 110 2125 n
128 2069 231 2150 pulis:
268 2088 388 2133 meum
420 2071 489 2138 ost.
526 2068 640 2149 iuquit,
673 2072 715 2133 ut
746 2067 882 2134 faciam
921 2069 1158 2133 uoluntatem
1183 2068 1274 2144 eine,

128 2176 190 2257 qui
214 2194 272 2239 me
295 2175 412 2252 misit,
437 2178 479 2239 ut
506 2193 758 2240 consummem
782 2193 876 2258 opus
900 2176 992 2242 eius.
1022 2180 1054 2240 et
1077 2175 1116 2240 ad
1139 2175 1274 2240 ludaeos

128 2279 165 2344 do
187 2280 358 2364 paralytici
381 2281 529 2346 sanitato:
554 2286 661 2363 pater
683 2301 785 2347 mous
809 2301 929 2364 usque
954 2282 1060 2346 modo
1086 2284 1273 2364 operatur,

128 2392 163 2450 et
191 2406 262 2472 ego
291 2407 430 2471 operor.
458 2391 548 2470 pater
577 2391 609 2452 et
637 2406 695 2471 ego
724 2387 810 2470 lilius
840 2387 925 2452 dicit.
959 2387 1093 2471 denique
1121 2394 1276 2471 propter

127 2493 195 2559 hoo
232 2495 355 2578 magis
391 2494 522 2559 ludaei
562 2494 672 2559 illum
709 2495 931 2560 interficere
968 2495 1159 2573 uolebant,
1202 2513 1272 2558 non

87 2605 275 2665 orantum
308 2600 405 2683 quod
439 2601 609 2667 solueret
647 2601 855 2674 sabbatum,
894 2601 959 2666 sed
998 2602 1093 2684 quod
1130 2604 1273 2684 patrem

128 2727 238 2773 suum
262 2708 370 2773 deum
394 2708 548 2785 diceret,
578 2727 743 2789 aequans
771 2727 808 2772 se
834 2708 910 2773 deo.
940 2712 1016 2773 tuno
1046 2727 1119 2792 ergo
1149 2707 1275 2772 dicebat

128 2815 166 2879 ad
197 2835 270 2880 eos:
308 2815 406 2878 nihil
438 2815 548 2880 lilius
580 2817 705 2880 facere
739 2818 866 2897 potest
899 2835 916 2878 a
949 2815 1166 2897 semetipso,
1199 2815 1271 2878 nisi

128 2923 260 2987 uideat
282 2926 425 3004 patrem
450 2923 669 2996 facientem
695 2941 788 3004 quac
813 2921 910 2987 onim
929 2922 997 2986 ille
1017 2922 1120 3000 facit,
1146 2921 1273 2985 eadem

128 3033 163 3092 et
190 3029 303 3094 filius
335 3029 440 3094 lacit.
473 3031 580 3112 pater
612 3029 710 3094 eninr
743 3028 876 3112 diligit
908 3029 1034 3092 filiurn
1076 3031 1114 3092 et
1152 3028 1274 3093 omnia

88 3149 111 3187 2⁵
129 3135 365 3202 demonstrat
388 3134 460 3212 illi,
485 3154 579 3218 quae
602 3135 671 3200 ille
694 3136 798 3210 facit,
825 3138 861 3200 et
884 3136 1026 3199 maiore
1047 3135 1137 3199 istis
1163 3153 1274 3217 opera

213 3274 243 3343 3]
264 3273 322 3328 Ioh.
342 3277 367 3335 3,
388 3275 501 3329 17—18.
564 3275 592 3343 3]
613 3273 671 3328 Ioh.
691 3275 715 3340 3,
735 3274 850 3328 35-33.
917 3275 961 3343 13]
982 3273 1014 3328 cr.
1034 3273 1092 3327 10n.
1113 3275 1137 3338 4,
1157 3273 1272 3329 25-26.

130 3364 358 3432 13133334.
414 3365 457 3435 rr]
477 3365 535 3418 ron.
556 3366 639 3432 5,17.
696 3364 816 3435 ruoth.
836 3366 861 3431 5,
883 3365 924 3418 rs.
979 3365 1023 3434 aa]
1042 3363 1101 3418 ron.
1118 3367 1142 3430 5,
1160 3363 1272 3417 io-ur.

161 3472 177 3523 2
201 3469 349 3526 crediderit
371 3471 433 3540 RF,
456 3471 572 3525 credidit
595 3474 675 3536 (corr.
696 3471 723 3525 R
744 3488 794 3525 sec.
819 3470 1057 3540 Hireauqr'enoem)
1082 3469 1119 3523 M
1172 3471 1186 3523 7
1213 3487 1273 3523 cnm

128 3559 309 3630 interrogaret
322 3561 369 3630 qui
388 3561 421 3614 de
440 3560 501 3614 Iesu
521 3578 567 3615 cur
585 3562 704 3628 tingeret
722 3561 822 3630 scripsi
841 3561 887 3627 (cf.
902 3559 962 3614 roo.
980 3564 1007 3620 3,
1025 3563 1088 3626 26):
1110 3575 1169 3612 cum
1188 3559 1272 3611 inter·

128 3655 268 3718 rogaretur
277 3649 343 3719 quid
358 3649 391 3702 de
405 3648 468 3702 Iesu
482 3652 653 3719 contingeret
662 3649 757 3705 PMF.
771 3666 831 3703 cum
846 3650 1060 3718 interrogaretur
1075 3647 1140 3717 quid
1155 3647 1188 3701 dc
1202 3647 1273 3714 Iesu,

129 3753 184 3790 curo
203 3739 326 3808 tingeret
338 3738 403 3807 Eng
452 3738 469 3791 8
488 3739 580 3807 diligit
593 3739 665 3790 Pam
686 3741 732 3806 (cf.
748 3755 807 3806 cap.
827 3743 888 3805 16):
910 3737 1004 3791 dilexit
1017 3735 1110 3790 PMF
1151 3737 1167 3790 9
1187 3735 1274 3790 credit

130 3825 207 3880 Pom:
228 3827 346 3881 credidit
363 3827 452 3880 PMF
506 3828 539 3881 10
558 3827 645 3880 credit
663 3828 750 3881 Pam:
768 3826 883 3881 credidit
901 3826 992 3880 PMF
1041 3827 1073 3879 12
1092 3843 1156 3879 uero
1176 3841 1226 3879 om.
1246 3825 1277 3879 F

132 3917 161 3969 15
175 3916 292 3985 (cibus)
313 3931 389 3970 meus
412 3921 454 3970 est
471 3919 542 3986 fort.
562 3919 608 3985 (cs.
628 3916 662 3970 de
678 3918 762 3972 icium
781 3919 864 3983 c.15)
936 3918 971 3971 20
988 3919 1095 3969 tantum
1114 3914 1162 3978 R³,
1182 3919 1273 3968 tamen

132 4003 254 4059 ΡΜἙἘ1
309 4004 381 4074 quod
395 4005 497 4072 (133133)
511 4021 561 4058 om.
576 4005 606 4058 F
649 4006 683 4058 23
698 4003 799 4058 uiderit
812 4004 887 4058 Pam
931 4005 965 4057 25
982 4003 1273 4070 dornonstratocripei:

131 4093 324 4149 demonstrauit
336 4095 428 4148 PMF
497 4094 800 4163 quae-demonstrabit
819 4095 862 4146 illi
876 4109 927 4146 om.
942 4092 1004 4145 MP
1022 4093 1079 4158 (aed
1096 4093 1128 4145 tre
1141 4109 1191 4168 mg=
1206 4093 1274 4145 haec

130 4199 161 4236 cc
178 4183 377 4254 Hiracuyiemi
398 4183 510 4238 addidit
523 4184 561 4251 R)
633 4183 701 4238 facit
723 4183 759 4245 R,
782 4183 849 4236 fecit
872 4183 902 4236 F
977 4181 1038 4235 istis
1062 4181 1147 4234 Pam:
1170 4182 1224 4234 ista
1250 4181 1275 4232 l·'

131 4271 338 4343 Hireouyr'enars
355 4278 419 4327 teste
436 4273 575 4328 Rhmcno
