3250 4959
368 401 429 456 vn.
448 401 616 456 Aduersus
634 401 835 455 Marcionem
853 400 900 454 lib.
919 400 1109 472 111123-24.
1236 405 1308 477 499Ι

154 598 202 662 1111
226 597 377 662 comitem
401 597 513 662 offert?
542 595 570 660 si
593 596 668 679 quia
692 595 826 679 superbe
849 594 902 660 uel
926 614 963 660 err
985 595 1145 679 hypocrisi
1168 597 1301 662 dixerat:

155 724 290 788 sequar
313 709 350 769 te
375 722 609 787 quocumque
634 702 737 781 ieris,
758 695 834 786 ergo
855 706 911 767 aut
930 703 1111 786 superbiam
1130 706 1186 769 ant
1204 705 1302 787 hypo-

154 810 250 876 crisin
264 810 472 875 recusandam
487 808 655 874 iudicando
670 807 808 874 indicem
825 809 936 893 gessit.
957 813 990 873 et
1007 809 1119 892 ntique
1139 810 1304 875 damnauit

154 936 247 999 quern
270 916 442 996 recusauit,
466 935 528 980 non
548 919 794 982 consecuturum
813 915 937 980 scilicet
955 915 1102 980 salutem.
1126 934 1198 982 nam
1217 919 1304 983 sicut

118 1024 194 1089 aad
226 1024 363 1089 salutem
395 1025 490 1088 uocat
518 1043 613 1105 quem
643 1041 704 1086 non
732 1026 861 1088 recusat
888 1023 942 1088 uel
970 1022 1066 1087 etiam
1093 1041 1188 1105 quem
1216 1024 1302 1088 ultro

153 1135 258 1210 uocat,
292 1131 337 1194 ita
368 1130 401 1194 in
429 1129 641 1214 perditionem
671 1129 800 1194 damnat
828 1149 924 1212 quem
950 1131 1086 1194 recusat.
1117 1129 1166 1194 illi
1193 1134 1304 1196 autem

154 1243 283 1304 causato
298 1225 397 1322 petris
417 1238 614 1319 sepulturam
634 1254 707 1301 curn
726 1237 911 1320 respondet:
935 1237 1015 1302 eine
1038 1238 1177 1302 mortni
1201 1257 1302 1321 sepe·

153 1345 250 1410 liant
267 1348 437 1410 mortuos
457 1363 557 1422 suos,
576 1348 617 1407 tu
638 1347 760 1408 autern
780 1344 875 1409 uade
894 1348 931 1409 et
950 1344 1130 1410 adnuntia
1147 1363 1302 1428 regnum

153 1452 222 1529 dei,
255 1453 423 1533 utramque
450 1449 555 1535 legem
583 1450 734 1515 creatoris
762 1450 931 1516 manifeste
960 1449 1175 1515 confirmauit:
1202 1453 1235 1514 et
1262 1450 1301 1515 de

106 1580 133 1620 ιο
153 1557 329 1624 sacerdotio
353 1557 385 1622 in
407 1557 561 1636 Leuitico,
585 1557 804 1640 prohibentem
829 1556 1008 1623 sacerdotes
1028 1556 1186 1640 supremis
1205 1556 1301 1621 etiam

152 1668 320 1749 parentum
355 1663 510 1728 interesse
552 1701 595 1712 -
637 1683 751 1746 super·
793 1682 944 1745 omnem,
985 1663 1100 1746 inquit,
1143 1663 1302 1726 animam

153 1773 371 1838 defunctam
405 1770 582 1836 sacerdos
616 1789 684 1836 non
718 1771 908 1850 introibit,
942 1773 980 1835 et
1011 1790 1126 1854 snper
1157 1773 1302 1854 patrem

152 1899 259 1945 sunm
279 1879 332 1962 <et
355 1896 468 1960 super
490 1880 646 1942 matrem
672 1877 792 1960 enam>
810 1897 881 1942 non
905 1876 1228 1942 contaminabitur
1245 1913 1300 1954 —‚

153 1986 246 2051 etde
271 1984 440 2050 deuotione
463 1983 683 2060 inA1·ithmis;
708 2004 780 2050 nam
806 1987 839 2048 et
861 1984 920 2062 illi,
944 1983 998 2066 qui
1022 2003 1056 2049 se
1080 1984 1139 2048 deo
1163 1984 1299 2062 uenerit,

105 2115 132 2155 rs
150 2094 233 2158 inter
261 2096 365 2157 cetera
396 2092 495 2168 iubet,
519 2110 558 2156 ne
586 2110 682 2175 super
714 2091 815 2156 ullam
843 2091 982 2156 animam
1008 2091 1145 2157 introeat
1173 2090 1302 2156 defunc·

150 2205 228 2278 tam,
247 2219 286 2264 ne
301 2217 397 2281 snper
414 2197 512 2280 patris
532 2197 659 2280 quidem
679 2201 735 2262 aut
752 2197 864 2263 matris
884 2200 941 2262 aut
957 2197 1073 2262 trabis.
1088 2199 1166 2278 puto
1181 2199 1300 2275 antem

151 2311 184 2372 et
207 2305 370 2371 deuotioni
393 2307 425 2370 et
448 2305 624 2371 sacerdotio
649 2304 830 2370 destinabat
853 2323 947 2387 quern
970 2303 1179 2386 praedicando
1202 2321 1301 2386 regno

151 2413 202 2478 dei
229 2412 397 2478 imbuerat.
426 2414 482 2476 aut
509 2412 536 2476 si
561 2430 621 2477 non
646 2412 692 2475 ita
715 2413 774 2489 est,
804 2412 883 2476 satis
907 2410 1026 2493 impius
1049 2410 1300 2493 pronuntiandus

150 2520 207 2602 qni
233 2520 321 2585 nulla
347 2519 467 2584 ratione
495 2518 578 2601 legis
601 2518 817 2583 intercedente
846 2517 1027 2601 sepulturas
1053 2519 1221 2600 parentum
1249 2517 1300 2580 de-

104 2648 132 2686 ao
151 2626 232 2710 spici
256 2645 274 2691 a
296 2625 370 2691 filiis
393 2625 578 2706 imperabat.
602 2644 674 2689 cum
698 2643 774 2688 uero
799 2628 831 2689 et
849 2625 981 2688 tertium
1003 2624 1096 2688 illum
1120 2624 1208 2706 prius
1232 2623 1300 2688 auis

150 2733 327 2798 ualedicere
345 2736 507 2816 parantem
527 2731 676 2814 probibet
692 2733 775 2796 retro
794 2735 985 2814 respectare,
1009 2734 1130 2794 sectam
1148 2731 1299 2795 creatoris

151 2840 330 2922 exequitur:
345 2839 405 2903 hoo
424 2842 455 2904 et
474 2839 528 2903 ille
543 2838 687 2902 noluerat
701 2837 816 2902 fecisse
832 2856 911 2919 quos
927 2855 963 2900 er
978 2835 1126 2900 Sodomis
1141 2836 1299 2903 liberaret.

195 2948 248 3013 24.
276 2945 408 3030 Adlegit
431 2948 462 3010 et
485 2945 565 3009 alios
590 2945 793 3028 septuaginta
817 2943 980 3026 apostolos
1004 2962 1100 3025 snper
1123 2942 1299 3008 duodecim.

57 3113 59 3116 .
151 3072 213 3136 qno
229 3052 313 3118 enim
327 3052 494 3116 duodecim
510 3051 685 3117 secundnm
705 3050 838 3114 totidem
859 3050 963 3115 fontes
983 3050 1015 3112 in
1029 3049 1124 3124 Elim,
1144 3049 1173 3114 si
1190 3068 1251 3113 non
1268 3053 1300 3112 et

79 3162 131 3220 'as
151 3159 355 3243 septuaginta
374 3159 548 3223 secundum
568 3157 703 3222 totidem
722 3156 854 3222 arbusta
866 3157 1065 3238 palmarum?
1119 3154 1299 3220 Antithesis

150 3266 323 3350 plurimum
348 3284 515 3330 causemm
540 3265 710 3330 diuersitas
734 3263 820 3340 fecit,
844 3282 905 3327 non
929 3264 1136 3344 potestatum.
1165 3261 1221 3324 sed
1244 3267 1299 3342 qni

151 3373 369 3438 diuersitatem
402 3391 568 3437 causarum
601 3391 662 3437 non
693 3370 841 3453 respexit,
874 3370 967 3434 facile
999 3389 1069 3434 eam
1100 3371 1299 3451 potestatum

152 3481 354 3548 existimauit.
379 3480 614 3565 ‘profectionem
638 3479 775 3544 filiorum
798 3477 949 3543 Israhelis
973 3480 1095 3542 creator
1118 3476 1213 3540 etiam
1233 3475 1299 3539 illis

151 3589 263 3671 spoliis
278 3607 443 3653 aureorum
459 3591 491 3652 et
510 3591 729 3669 argenteorum
745 3584 950 3648 uasculorum
970 3587 1003 3648 et
1016 3582 1157 3647 uestium
1176 3584 1300 3664 praeter

231 3729 432 3812 ¹2]an.9,5'l.
470 3728 497 3796 7]
509 3725 652 3790 selues,
664 3726 707 3782 59.
744 3724 898 3786 Lucam.
938 3721 1168 3792 11]Leu.21‚11.
1208 3719 1297 3789 14]ef.

150 3817 351 3887 Numae-7.
389 3814 705 3885 20]ci.an.9‚6l-62.
742 3814 788 3882 22]
801 3812 1013 3876 cf.Gen.19‚l‘l.
1051 3808 1298 3895 23]οῐ.111.10,1ἶ

150 3907 196 3977 24]
216 3905 249 3960 ci.
269 3902 353 3958 Excd.
374 3904 416 3972 15,
434 3905 477 3958 27.
496 3905 576 3958 Num.
597 3903 640 3971 33,
660 3903 685 3956 9.
762 3901 896 3968 28-500,
917 3901 943 3969 l]
963 3899 996 3953 of.
1016 3897 1099 3951 Exod.
1121 3897 1163 3963 12,
1182 3898 1298 3952 34-35.

184 4032 203 4084 4
222 4033 427 4084 consecuturum
446 4030 487 4096 Μ,
507 4032 663 4083 secuturum
682 4028 710 4083 R
783 4029 798 4079 5
818 4027 927 4080 recusat
944 4025 982 4078 M
997 4026 1023 4091 (a
1042 4040 1075 4076 ec
1093 4039 1111 4076 u
1131 4038 1198 4076 corr.
1217 4038 1252 4076 na.
1272 4024 1297 4086 1)

152 4121 167 4172 7
185 4119 321 4190 sepeliant
335 4119 371 4185 R,
386 4119 514 4188 sepeliam
529 4118 565 4172 M
610 4119 642 4171 12
661 4119 767 4185 patrem
781 4116 853 4182 MR,
872 4120 1012 4185 parentem
1025 4111 1083 4181 Rip
1130 4113 1163 4164 13
1176 4115 1204 4164 et
1218 4126 1298 4179 snper

150 4211 266 4261 matrem
285 4223 360 4262 snam
381 4206 480 4260 addidi
498 4211 543 4276 (cf.
564 4207 596 4260 de
609 4221 715 4274 monog.
733 4209 760 4272 7)
800 4205 833 4258 14
848 4203 888 4257 illi
902 4203 1000 4270 scripsi
1018 4203 1064 4270 (ef.
1079 4203 1148 4268 246,
1163 4203 1210 4253 24.
1225 4200 1297 4265 25.).·

150 4295 208 4351 illic
225 4297 297 4362 MR,
317 4296 375 4350 illic
391 4295 472 4365 (illi)
489 4297 554 4366 Erep
606 4295 638 4349 18
659 4293 708 4348 deo
728 4293 766 4346 M

1210 4389 1260 4447 aa*
1290 4350 1293 4356 ¹
