3250 4959
400 410 459 464 VII.
478 411 647 465 Aduersus
667 410 868 465 Marcionem
886 412 934 467 lib.
953 411 1054 469 11117.
1236 418 1304 482 435

146 606 304 670 Marcion:
335 607 424 670 aufer
452 607 547 670 etiam
571 605 653 670 illud
678 606 716 670 de
741 607 921 691 euangelio:
950 627 1019 673 non
1049 628 1129 673 snm
1157 610 1300 676 missus

146 713 226 777 nisi
263 712 307 777 ad
344 732 434 777 oues
471 712 642 794 perditas
681 712 814 777 domus
851 714 1009 781 Israhel.
1052 718 1099 779 et:
1135 734 1205 779 non
1243 720 1303 781 ast

147 820 297 883 auferre
326 838 453 901 panem
483 818 584 883 filiis
614 824 651 883 et
679 817 765 883 dare
795 839 878 884 eum
906 822 1076 899 canibus,
1109 841 1148 885 ue
1176 822 1303 887 scilieet

148 925 297 991 Christus
330 925 478 989 Israhelis
508 925 665 990 uideatur.
694 925 860 991 sufficiunt
888 927 967 991 mibi
996 927 1082 992 faeta
1110 929 1302 1014 prodictio.

113 1032 278 1097 sdetraho
302 1052 399 1097 uoaes
424 1032 541 1097 Christi
564 1033 643 1097 mei:
667 1052 717 1097 res
741 1033 920 1115 loquentur.
944 1052 1016 1098 eooe
1040 1035 1130 1099 uenit
1152 1036 1184 1098 in
1210 1055 1302 1118 syna-

146 1158 279 1223 gogam:
304 1142 388 1203 uerte
407 1138 447 1203 ad
466 1158 542 1203 oues
561 1139 701 1221 perditas
721 1139 837 1204 domus
857 1140 1017 1204 Israhelis.
1042 1159 1115 1205 eoee
1139 1141 1300 1206 doetrinae

147 1264 226 1310 suae
245 1264 358 1329 panem
377 1244 535 1327 prioribus
556 1246 647 1311 offert
666 1244 859 1311 Israhelitis:
881 1250 977 1322 uerte,
997 1250 1034 1311 ut
1052 1248 1136 1311 iiiios
1155 1250 1301 1330 praefert.

146 1372 223 1418 ecoe
246 1354 318 1417 aliis
341 1372 415 1417 aum
434 1351 573 1417 nondum
593 1353 748 1435 impertit:
770 1358 865 1429 uerte,
884 1358 921 1420 ut
940 1374 1033 1420 canes
1053 1358 1212 1437 praeterit
1232 1358 1301 1439 qui·

145 1461 209 1525 bus
235 1462 341 1524 autern
365 1459 466 1543 magis
490 1459 689 1542 impertisset
708 1478 803 1542 quam
828 1461 982 1524 extraneis
1003 1462 1163 1527 creatoris.
1185 1462 1211 1526 si
1230 1464 1308 1545 ipse

100 1594 127 1633 ιο
144 1566 294 1649 inprimis
322 1584 383 1630 nou
410 1566 527 1630 fuisset
556 1566 729 1631 creatoris?
772 1569 803 1630 at
830 1569 937 1631 tamen
966 1569 1125 1649 quomodo
1153 1568 1186 1633 in
1210 1588 1301 1651 syna·

147 1692 266 1758 gogam
298 1674 406 1755 potuit
437 1672 563 1736 admitti
596 1676 662 1736 tam
694 1673 890 1755 repentinus,
927 1676 995 1737 tam
1027 1674 1169 1758 ignotus,
1208 1676 1308 1741 ouius-

145 1798 242 1845 namo
266 1779 498 1843 adbueoertus
523 1778 682 1853 detribu,
711 1780 750 1843 de
773 1781 905 1860 populo,
933 1780 972 1844 de
1001 1780 1105 1857 domo,
1135 1781 1174 1845 do
1203 1802 1301 1847 eensu

146 1887 286 1968 denique
310 1885 458 1971 Augusti,
483 1905 576 1967 quem
602 1889 718 1949 testem
741 1884 969 1950 fidelissimum
992 1886 1168 1952 dominicae
1188 1889 1301 1953 natiui-

144 1994 226 2057 tatis
242 1992 384 2057 Romana
397 1991 526 2057 arohiua
541 1992 746 2056 custodiunt?
757 1992 967 2057 meminerant
981 1998 1076 2069 certe,
1091 1994 1153 2058 nisi
1169 1995 1302 2059 eircum-

97 2123 124 2162 ιι
146 2101 253 2165 cisum
286 2100 413 2178 sanent,
446 2118 506 2163 uon
540 2099 771 2164 admittendum
804 2100 837 2163 in
869 2103 980 2163 saneta
1008 2106 1201 2165 sanctorum.
1244 2102 1301 2167 sed

146 2207 211 2272 etsi
240 2206 359 2289 passim
388 2224 548 2290 synagoga
576 2205 726 2281 adiretur,
755 2226 817 2271 non
844 2209 951 2271 tamen
976 2206 1014 2270 ad
1039 2207 1213 2272 docendum
1239 2209 1301 2275 nisi

147 2314 187 2378 ab
213 2312 333 2396 optime
356 2314 483 2397 cognito
508 2316 541 2377 et
564 2314 725 2395 explorato
750 2316 782 2376 et
800 2312 932 2395 probato
957 2314 1161 2396 iampridem
1183 2316 1214 2379 iu
1240 2316 1300 2379 hoo

144 2421 254 2504 ipsum
280 2420 333 2485 nel
356 2418 482 2484 aliunde
502 2419 721 2484 commendato
746 2438 819 2483 oum
844 2420 905 2484 hoo
928 2440 1068 2485 munere.
1093 2422 1302 2504 stupebant

146 2530 256 2592 auteur
281 2545 405 2591 omues
431 2525 473 2589 ad
498 2525 708 2591 doctrinam
732 2526 824 2591 eius.
848 2526 951 2608 plane.
976 2526 1161 2607 quoniam.
1185 2529 1300 2611 iuquit,

95 2658 125 2698 so
144 2634 183 2698 in
205 2636 398 2716 potestate
419 2635 499 2697 erat
518 2652 638 2697 sermo
659 2633 751 2709 eius,
772 2652 833 2697 non
855 2634 1003 2715 quoniam
1024 2633 1178 2699 aduersus
1194 2636 1300 2719 legem

145 2744 181 2805 et
203 2740 373 2822 propbetas
397 2738 539 2804 docebat.
563 2738 674 2821 utique
699 2739 781 2802 enim
806 2739 970 2820 eloquium
995 2739 1139 2803 diuinum
1170 2747 1202 2803 et
1231 2741 1300 2803 uinr

145 2850 180 2913 et
206 2846 342 2930 gratiam
370 2846 561 2928 praestabat,
591 2844 693 2928 magis
722 2850 886 2909 exstruens
915 2866 1009 2927 quam
1035 2845 1200 2910 destruens
1225 2847 1301 2911 sub·

145 2952 298 3018 stantiam
325 2952 407 3037 legis
436 2956 469 3016 et
495 2953 730 3034 prophetarum.
765 2952 905 3033 alioquin
938 2971 998 3015 non
1034 2958 1207 3035 stuperent,
1242 2955 1300 3019 sed

144 3061 318 3136 horrerent,
337 3078 394 3123 noo
413 3058 611 3135 mirarentur,
632 3058 688 3123 sed
708 3059 817 3123 statim
833 3064 1053 3122 auerserentur
1068 3058 1298 3124 destructorem

95 3190 125 3231 ss
144 3168 230 3249 legis
254 3168 286 3229 et
307 3166 544 3248 prophetarum,
573 3168 606 3229 et
629 3165 741 3247 utique
764 3165 910 3246 inprimis
934 3164 1067 3230 alterius
1097 3166 1147 3228 dei
1177 3166 1285 3247 praedi

146 3256 298 3347 datorem,
336 3272 410 3353 qnia
447 3290 504 3335 neo
536 3272 697 3354 potuisset
730 3271 885 3335 aduersus
915 3272 1019 3353 legem
1059 3277 1091 3337 et
1127 3273 1298 3354 prophetas

146 3380 260 3445 dooere
297 3378 426 3463 etheo
462 3379 588 3443 nomine
625 3377 778 3442 aduersus
816 3382 989 3443 creatorem
1029 3398 1088 3441 non
1123 3378 1299 3459 praemissa
1369 3440 1381 3451 ,

146 3486 292 3551 diuersae
315 3489 411 3567 atque
434 3486 576 3549 aemulae
601 3485 779 3549 diuinitatis
798 3484 1005 3566 professione.
1030 3504 1103 3549 oum
1124 3504 1198 3563 ergo
1218 3483 1298 3547 nibil

238 3645 265 3711 η
283 3644 381 3699 naen.
404 3645 445 3710 15,
464 3644 506 3698 24.
563 3644 591 3715 a]
611 3642 710 3697 uren.
733 3644 773 3704 15,
794 3642 837 3697 ae.
896 3643 940 3711 re}
960 3644 1025 3697 nne.
1045 3643 1071 3709 4,
1091 3642 1134 3695 aa.

183 3752 200 3805 2
220 3756 262 3804 est
280 3755 325 3819 (ε
339 3747 447 3817 ἔξεστιν)
462 3749 532 3810 MR.
554 3754 595 3803 est
607 3750 749 3819 (bonum)
761 3749 822 3803 Lat
856 3750 874 3803 4
889 3748 1015 3803 uideatur
1028 3749 1142 3817 smpei:
1161 3732 1300 3800 uideretur

144 3840 211 3895 MR
265 3838 491 3897 sufiiciuntMF.
512 3838 648 3892 sufficiant
667 3837 695 3891 R
741 3842 856 3891 broces
874 3836 916 3905 M,
935 3854 1027 3890 uocem
1047 3837 1074 3891 R
1122 3838 1149 3888 ll
1173 3836 1297 3902 inrepen-

145 3957 221 4010 tinus
234 3954 272 4011 ru
288 3958 367 4024 (err.
383 3972 416 4008 m.
432 3957 457 4021 1)
496 3955 528 4007 13
543 3920 634 4023 igue
648 3954 684 4008 nr
702 3956 728 4019 (v
742 3968 764 4007 r.
780 3970 806 4007 u.
823 3971 842 4006 a
854 3970 890 4006 m.
904 3959 929 4011 n
970 3953 1003 4007 14
1016 3954 1068 4005 nur
1083 3953 1123 4016 <ni
1136 3952 1168 4005 a
1180 3952 1250 4016 ras.)
1264 3948 1300 4003 u

148 4046 182 4099 18
197 4042 307 4099 aliunde
316 4042 352 4111 R,
367 4044 423 4099 aliu
438 4044 517 4097 deM
569 4044 747 4097 coemendata
758 4043 792 4096 M
847 4060 906 4095 oum
921 4042 974 4095 boe
984 4058 1094 4095 munere
1106 4041 1172 4107 sort.
1185 4039 1298 4107 apuria,-

146 4134 273 4203 dr'epliaet
291 4134 363 4187 mim
379 4132 454 4187 illud
471 4150 531 4186 curu
550 4134 687 4200 multoque
707 4135 801 4200 aptiae
820 4147 854 4185 ex
873 4130 1095 4185 antecedentibus
1112 4130 1298 4196 suppleretur:

145 4225 175 4277 in
193 4222 246 4276 hoo
264 4222 354 4290 ipsum
372 4222 441 4289 (soil.
461 4220 577 4275 darmdi
595 4224 707 4287 munus)
784 4223 817 4274 21
839 4220 961 4275 diuinum
983 4229 1010 4273 et
1030 4220 1057 4272 ui
1077 4224 1104 4271 et
1124 4217 1213 4287 gratia
1225 4217 1297 4282 sort.

146 4312 183 4366 24
202 4312 350 4365 horrerent.
369 4328 418 4363 nee
437 4310 522 4379 welpo
576 4311 610 4365 26
629 4312 765 4379 potuisset
783 4308 820 4377 R,
839 4311 933 4379 pocius
952 4313 996 4362 eet
1013 4306 1077 4361 ΜΓ

1207 4412 1257 4464 28*
