3250 4959
318 414 382 476 3ῑο
548 408 663 474 Quinti
683 406 825 478 Septimi
842 406 1013 461 Florentio
1032 405 1237 460 Tertulliani

318 601 447 677 domini,
476 620 536 665 non
565 601 634 665 sola
661 598 797 663 nominis
825 597 1056 675 inclamatione,
1086 596 1142 661 sed
1170 615 1243 661 cum
1271 596 1378 679 aliqua
1401 600 1470 663 ianr

317 712 393 772 tunc
421 706 553 771 admissi
581 705 820 790 suggillatione.
852 722 910 769 nec
938 703 1022 769 enim
1049 703 1190 786 simplici
1215 705 1321 783 modo,
1353 706 1387 769 id
1416 712 1473 771 est

317 814 557 897 interrogatorio
578 832 654 878 sone
669 812 839 896 legendnm
859 815 923 875 est:
937 811 1060 888 Adam,
1074 811 1139 875 ubi
1158 813 1219 875 es?
1238 811 1294 876 sed
1307 813 1470 895 impresso

318 924 350 985 et
376 920 505 985 incusso
536 926 568 985 et
594 918 804 1001 imputatino:
836 917 962 993 Adam,
993 917 1057 982 ubi
1087 919 1140 981 es!
1173 916 1206 981 id
1229 923 1280 983 est
1306 918 1337 981 in
1361 920 1470 1000 perdi-

316 1027 402 1092 tione
426 1046 471 1103 es,
499 1026 533 1091 id
558 1030 608 1092 est
630 1020 693 1089 iam
719 1026 856 1090 hicnon
880 1045 925 1105 es,
955 1028 993 1088 nt
1016 1029 1049 1088 et
1075 1024 1257 1106 increpandi
1280 1029 1313 1088 et
1336 1024 1469 1089 dolendi
1501 1048 1514 1087 ε

317 1135 419 1199 exitus
443 1154 504 1198 nor
528 1134 579 1199 sit.
603 1137 743 1197 cetemm
769 1132 824 1214 qui
846 1135 951 1197 totum
975 1132 1083 1197 orbem
1106 1130 1345 1215 comprehendit
1366 1150 1468 1195 manu

316 1240 407 1305 uelut
430 1240 551 1321 nidum,
581 1240 673 1305 ouius
698 1239 822 1303 caelum
844 1239 978 1303 thronus
1003 1241 1036 1303 et
1057 1242 1141 1303 terra
1164 1238 1349 1314 scabellum,
1371 1240 1469 1303 nimi-

316 1366 385 1411 rum
401 1346 496 1412 huius
512 1347 621 1411 oculos
642 1346 749 1427 aliqua
766 1345 906 1426 paradisi
925 1346 1029 1428 portio
1045 1348 1199 1422 euaserat,
1216 1345 1384 1427 quominus
1405 1346 1468 1414 illi.

315 1454 508 1535 ubicumque
528 1453 639 1531 Adam,
659 1454 723 1535 (et)
742 1458 815 1516 ante
839 1452 1057 1517 euocationem
1081 1452 1248 1529 diseretor,
1271 1457 1337 1515 tarn
1361 1453 1468 1516 latens

315 1580 410 1643 quam
439 1559 476 1624 de
508 1559 676 1624 interdicta
703 1560 795 1643 fruge
825 1561 969 1624 sumens!
1004 1558 1236 1641 speculatorem
1267 1560 1379 1623 uineae
1412 1560 1467 1623 nel
1487 1585 1512 1622 ro

316 1667 399 1731 herti
423 1668 471 1730 tui
494 1666 587 1748 lepus
616 1667 672 1729 aut
694 1664 882 1729 furunculus
906 1684 966 1729 nen
990 1666 1084 1729 latet:
1108 1665 1172 1747 <et>
1195 1664 1290 1729 deum
1313 1668 1402 1748 puta,
1428 1667 1466 1729 de

314 1772 555 1838 sublimioribus
570 1772 787 1849 oculatiorem,
807 1770 928 1852 aliquid
948 1770 1085 1835 subiecti
1098 1772 1268 1853 praeterire
1281 1791 1342 1836 non
1357 1790 1464 1854 posse,

315 1880 424 1955 stulte,
449 1878 503 1959 qui
521 1881 645 1942 tantum
665 1880 887 1961 argumentum
908 1876 1032 1940 diuinae
1051 1877 1228 1942 maiestatis
1253 1884 1285 1942 et
1307 1878 1465 1943 humanae

312 1984 530 2050 instmctionis
559 2001 636 2048 naso
661 1984 745 2067 agis!
770 1984 945 2067 interrogat
968 1982 1047 2047 dens
1071 1984 1163 2064 qnasi
1186 1984 1336 2059 incertus,
1360 1989 1408 2061 nt,
1433 2000 1466 2051 et

312 2092 363 2155 hic
391 2091 483 2155 liberi
511 2090 632 2154 arbitrii
658 2091 795 2172 probans
824 2090 995 2166 bominem,
1019 2090 1051 2153 in
1076 2108 1172 2155 cansa
1199 2099 1255 2154 aut
1284 2093 1463 2174 negationis
1483 2112 1507 2149 rs

313 2202 368 2263 aut
392 2197 600 2262 confessionis
629 2198 718 2262 daret
741 2197 769 2261 ei
792 2198 900 2261 locum
924 2202 1037 2278 sponte
1061 2196 1231 2261 confitendi
1254 2197 1408 2263 delictum
1433 2205 1465 2263 et

311 2304 371 2369 hoc
390 2304 517 2369 nemine
536 2304 706 2380 releuandi,
731 2303 816 2367 sicut
839 2303 878 2367 de
902 2302 977 2369 Cain
998 2304 1190 2381 sciscitatur,
1215 2304 1342 2370 ubinam
1366 2306 1465 2371 frater

313 2412 393 2487 eius,
431 2412 522 2493 quasi
556 2430 617 2475 non
649 2411 712 2473 iam
745 2411 957 2475 uociferatum
987 2431 1006 2474 a
1031 2414 1116 2475 terra
1143 2410 1329 2494 sanguinem
1352 2412 1464 2477 Abelis

313 2518 464 2594 audisset,
491 2514 572 2605 [sed]
595 2521 633 2581 ut
660 2519 692 2581 et
718 2516 773 2581 ille
801 2518 932 2581 haberet
959 2521 1150 2599 potestatem
1178 2538 1214 2581 ox
1243 2518 1355 2581 eadem
1383 2518 1463 2582 arbi-

312 2626 364 2690 trii
388 2626 547 2707 potestate
572 2626 684 2705 sponte
712 2624 849 2707 negandi
877 2624 986 2690 delicti
1010 2629 1042 2689 et
1064 2625 1124 2689 hoe
1147 2624 1273 2690 nomine
1297 2626 1461 2709 grauandi,
1479 2646 1505 2685 a

312 2736 405 2813 atque
443 2731 489 2794 ita
527 2731 617 2795 nobis
650 2732 860 2795 conderentur
897 2732 1038 2812 exempla
1070 2730 1319 2797 confitendorum
1351 2733 1462 2814 potius

312 2836 499 2902 delictorum
530 2856 623 2919 quam
652 2838 879 2921 negandorum,
906 2841 944 2902 ut
971 2838 1035 2901 iam
1062 2842 1138 2902 tunc
1165 2838 1345 2903 initiaretur
1366 2860 1462 2906 enan-

313 2944 413 3026 geliea
437 2943 593 3008 doctrina:
624 2964 663 3009 er
692 2965 752 3010 ore
780 2956 845 3010 tue
873 2945 1154 3011 iustificaberis
1184 2948 1222 3010 st
1244 2965 1286 3009 er
1309 2966 1372 3011 ore
1396 2952 1459 3011 tue

311 3050 558 3115 damnaberis.
590 3070 661 3115 nam
696 3052 756 3115 etsi
784 3052 886 3115 Adam
913 3058 1043 3135 prepter
1069 3055 1190 3116 statum
1217 3053 1299 3137 legis
1332 3053 1459 3119 deditus

310 3156 405 3219 morti
424 3162 483 3233 est,
508 3158 563 3221 sed
583 3178 657 3239 spes
678 3158 706 3221 ei
726 3160 817 3223 salua
836 3162 896 3234 est,
921 3158 1043 3223 dicente
1067 3158 1209 3224 domino:
1234 3178 1320 3225 ecco
1343 3161 1458 3225 Adam
1475 3178 1500 3217 o

310 3262 434 3326 iactus
469 3270 527 3327 est
558 3268 747 3346 tamquam
781 3283 877 3327 unus
911 3284 952 3329 ex
984 3266 1103 3343 nobis,
1132 3264 1171 3329 de
1198 3266 1308 3330 futura
1335 3266 1459 3331 scilieet

310 3369 647 3443 adlectionehominis
670 3370 702 3433 in
728 3369 941 3435 diuinitatem.
974 3370 1108 3453 denique
1132 3371 1210 3453 quid
1232 3372 1397 3453 sequitur?
1421 3379 1456 3435 et

399 3565 426 3632 31
444 3562 509 3620 een.
526 3564 550 3630 a,
566 3564 590 3615 s.
632 3564 657 3631 c]
674 3562 768 3616 cess.
786 3562 886 3630 ro,14.
930 3564 956 3631 η
972 3563 1006 3615 cr.
1020 3563 1065 3617 ss.
1081 3564 1123 3626 es,
1139 3564 1163 3617 1.
1202 3562 1455 3631 rarescente.

310 3651 541 3721 rarescens,
563 3652 605 3705 10.
661 3652 705 3721 aa]
725 3652 825 3705 uasti.
846 3654 888 3711 12.
908 3649 956 3705 aa:
1006 3654 1052 3722 aa]
1074 3651 1248 3716 cenam.
1302 3653 1346 3719 271
1366 3652 1402 3704 n.

345 3776 462 3839 dadam,
482 3776 528 3829 nbi
549 3794 576 3829 es
591 3776 632 3837 11,
648 3776 694 3829 ubi
711 3793 747 3839 es,
762 3776 849 3829 Adam
863 3776 891 3831 R
949 3779 967 3829 4
986 3776 1033 3829 ubi
1052 3779 1093 3829 es!
1107 3777 1187 3845 Erip:
1207 3774 1254 3828 ubi
1273 3776 1322 3829 es?
1336 3775 1454 3845 Rustico

308 3868 324 3913 a
344 3864 438 3925 Adam,
456 3867 523 3931 <et>
541 3866 729 3933 antescripsi:
748 3864 841 3918 adanu·
856 3870 919 3919 ante
934 3865 976 3930 111,
995 3864 1083 3919 Adam
1097 3872 1161 3918 ante
1174 3864 1202 3919 Id
1213 3864 1295 3934 uulgo
1356 3866 1387 3918 ll
1403 3864 1454 3917 orti

308 3952 372 4005 ,ule
422 3954 499 4021 lepus
518 3955 630 4021 scripsi:
644 3954 723 4023 lupus
737 3953 800 4008 MR
851 3958 921 4023 (et)
934 3954 1012 4007 deum
1027 3959 1103 4022 puta
1121 3955 1199 4022 Eng:
1215 3952 1296 4005 deum
1310 3957 1379 4021 pute
1392 3950 1454 4007 MR

310 4043 342 4093 11
362 4042 513 4109 interrogat
527 4042 596 4103 11111,
615 4042 803 4109 interrogabat
822 4043 894 4095 lam
947 4047 979 4094 ut
996 4060 1048 4096 eras.
1066 4042 1139 4095 Pam
1181 4042 1214 4095 15
1232 4041 1277 4094 bic
1291 4040 1375 4106 MR',
1392 4040 1453 4093 binc

307 4128 347 4181 Rs
409 4131 525 4198 probans
544 4130 590 4193 12³,
610 4130 757 4199 inproburrs
776 4130 850 4184 llR¹
897 4132 929 4185 16
949 4135 996 4184 aut
1015 4130 1190 4183 confessionis
1208 4127 1256 4191 R',
1276 4133 1325 4181 aut
1342 4136 1374 4181 nt
1392 4144 1452 4181 con·

307 4217 432 4270 sessionis
447 4217 520 4270 1111ι
595 4220 627 4271 19
647 4220 693 4271 sed
708 4220 820 4273 seclusit
833 4221 897 4287 Eup
965 4216 1307 4271 moestissimos]
1375 4217 1451 4269 insti·

307 4306 430 4359 ficarberis
449 4306 559 4373 1111111,
579 4308 822 4362 coniustifieaberis
840 4307 879 4361 m
933 4308 967 4359 27
988 4314 1015 4360 et
1034 4324 1089 4361 nun
1107 4308 1145 4361 m
