3250 4959
646 372 864 429 Praelatio.
1193 372 1332 440 XXXII]

178 588 214 636 ac
237 570 417 637 uicinorum
438 568 566 653 quidem
585 568 755 661 uerborum
772 567 1053 652 transpositionem
1071 586 1134 634 uon
1153 568 1331 654 grauiorem

178 694 251 743 esse
273 674 417 741 medelae
438 674 595 741 rationem
622 694 717 759 quam
746 692 855 741 eorum
878 674 1145 754 immutationem,
1173 693 1256 758 quae
1276 694 1334 759 per

180 784 396 850 coniecturam
419 781 488 847 fleri
516 782 608 861 solet,
638 783 665 847 si
694 800 754 847 non
782 780 909 847 aliunde
938 781 1104 858 acuemus,
1133 800 1171 847 er
1197 781 1269 867 ipse
1295 781 1332 847 li·

177 891 308 981 brorum
344 890 526 955 nostmrum
563 888 748 955 condicione
778 906 948 973 possemus
976 887 1106 968 discere,
1133 888 1169 953 in
1195 887 1333 973 singulis

179 998 246 1063 fere
268 994 396 1081 paginis
418 996 562 1062 nutantis
589 994 759 1062 uerborum
788 993 908 1061 ordinis
937 996 1080 1081 exempla
1101 994 1331 1080 praebentium.

180 1102 265 1188 quod
299 1105 406 1169 autern
439 1104 508 1170 tota
541 1102 637 1168 etiam
670 1101 813 1168 membra
841 1103 880 1167 ab
910 1120 946 1168 eo
973 1102 1057 1180 loco,
1085 1121 1147 1185 qno
1176 1118 1332 1168 consensu

178 1209 333 1276 librorum
365 1210 526 1295 leguntur,
559 1208 718 1275 mouenda
749 1208 876 1293 elinque
906 1208 1123 1275 transferenda
1154 1208 1239 1288 duri,
1271 1207 1333 1275 leot

180 1336 254 1383 cum
277 1316 437 1383 neminem
460 1314 618 1382 editomm
642 1315 747 1381 adhuc
770 1334 884 1382 ausum
912 1334 985 1382 esee
1010 1314 1149 1395 uideam,
1159 1314 1187 1403 ¹)
1212 1334 1249 1382 eo
1273 1313 1333 1379 dif-

179 1420 298 1489 ficilius
326 1421 365 1487 ab
394 1421 466 1487 aliis
492 1422 661 1505 probatum
688 1422 729 1487 iri
755 1439 817 1488 non
845 1438 918 1489 sum
945 1421 1082 1489 nescius.
1110 1421 1150 1487 ad
1182 1420 1332 1487 ultimum

180 1530 282 1615 igitur
304 1528 367 1595 hoc
390 1528 520 1594 criticae
543 1528 621 1594 artie
646 1527 826 1595 subsidium
846 1528 875 1594 si
892 1527 1053 1594 interdum
1076 1528 1247 1613 coningere
1269 1546 1332 1593 aon

179 1634 280 1715 nolui,
297 1634 332 1701 id
351 1654 413 1703 non
430 1634 548 1701 leuiter
565 1653 584 1700 a
601 1654 653 1701 me
671 1636 793 1702 iactum
811 1636 911 1701 uelim
929 1634 1023 1715 scine,
1043 1634 1100 1700 sed
1116 1634 1198 1700 inita
1214 1634 1334 1700 iterum

178 1744 362 1826 iterumque
388 1740 629 1808 ratiocinatione
657 1746 690 1807 et
718 1762 790 1809 cum
819 1742 891 1809 aliis
918 1742 998 1809 uiris
1027 1742 1130 1809 docte
1159 1740 1334 1808 communi-

182 1854 261 1917 cata
299 1867 418 1916 nouum
455 1852 619 1934 praeterea
656 1852 690 1915 et
724 1850 785 1916 hoc
821 1849 854 1915 in
891 1868 964 1916 mea
1002 1848 1141 1915 editione
1175 1846 1334 1930 inuenies,

184 1956 270 2041 quod
291 1956 324 2021 in
347 1954 438 2023 libris
470 1954 625 2023 aduersae
646 1954 849 2021 Marcionem
873 1958 977 2041 primo
1006 1959 1040 2022 et
1067 1954 1217 2033 secundo,
1250 1971 1332 2037 quos

182 2062 235 2129 bis
272 2082 308 2129 se
344 2062 485 2129 edidisse
524 2064 664 2130 testatur
700 2067 811 2130 auctor
846 2064 879 2129 in
917 2062 1044 2129 exordio
1079 2062 1154 2127 libri
1190 2059 1334 2139 secundi,

182 2168 322 2254 duplicis
349 2168 447 2236 huius
479 2169 673 2236 recensionis
696 2169 749 2236 hic
771 2170 840 2235 illic
866 2169 999 2235 iuuenta
1025 2168 1168 2254 uestigia
1192 2168 1225 2232 iu
1252 2185 1334 2233 mar·

181 2276 254 2363 gine
287 2274 443 2360 appositis
475 2276 613 2362 sigmate
644 2278 677 2341 et
709 2276 915 2361 antisigmate
944 2275 1114 2342 indicanda
1146 2274 1265 2340 curaui.
1302 2275 1335 2337 et

182 2384 311 2449 interim
335 2400 409 2449 cum
432 2402 556 2467 sperem
576 2402 613 2449 ex
630 2382 701 2466 ipsa
718 2402 752 2449 re
769 2382 893 2466 liquere
910 2382 1001 2449 locos
1016 2383 1068 2448 iris
1087 2381 1189 2468 signis
1207 2383 1336 2447 notatos

182 2488 257 2557 ferri
284 2508 348 2556 non
375 2506 470 2573 posse
498 2489 597 2556 alium
625 2488 713 2555 iuxta
740 2490 851 2571 alium,
881 2489 999 2574 quippe
1027 2490 1083 2574 qui
1108 2490 1194 2555 idem
1227 2488 1335 2552 dicant

183 2596 292 2663 uerbis
316 2595 404 2662 uarie
428 2596 626 2680 compositis,
649 2598 755 2662 tamen
780 2599 813 2662 st
834 2597 913 2663 haec
936 2595 1169 2679 comprobanda
1190 2594 1335 2676 relinquo

185 2703 413 2789 epilegomenis
443 2702 610 2788 aliqnando
639 2702 824 2772 adiciendis.
850 2722 907 2788 per
933 2723 969 2769 se
995 2704 1101 2787 ipsam
1125 2704 1232 2767 autem
1255 2699 1335 2767 satis

182 2810 398 2877 commendari
410 2810 591 2895 putauerim
606 2830 701 2894 quam
720 2810 840 2895 passim
853 2809 983 2877 institui
1001 2810 1096 2875 aliem
1115 2803 1336 2893 distinguendi

182 2918 347 2998 rationem,
372 2916 496 2983 duobus
519 2916 677 3001 imprimis
700 2917 852 2985 remediis
875 2936 966 2998 usus,
990 2917 1106 3000 quibus
1131 2914 1335 2981 subuenirem

184 3020 381 3089 Tertulliano
404 3042 503 3107 praue
526 3022 631 3090 adhuc
652 3024 818 3091 intellecto
841 3024 912 3091 siue
931 3023 1123 3091 coniecturis
1142 3022 1211 3087 sine
1229 3036 1337 3086 neces·

184 3128 279 3195 sitate
311 3132 449 3197 tentato:
482 3130 707 3213 parentheseos
740 3130 972 3216 significatione
998 3134 1032 3195 et
1063 3128 1237 3195 aduersarii
1268 3126 1336 3192 ficti

185 3236 366 3303 uerborum.
391 3239 423 3302 et
445 3238 564 3301 uellem
589 3236 717 3320 quidem
744 3238 893 3303 licuisset
920 3235 999 3301 mihi
1027 3254 1142 3302 nouam
1165 3235 1260 3319 plane
1283 3232 1336 3297 ad-

186 3358 293 3408 ornare
317 3342 458 3425 capitum
482 3342 731 3408 distinctionem.
751 3360 789 3407 ea
808 3342 903 3422 enim,
924 3358 1005 3426 quae
1024 3362 1042 3406 a
1059 3341 1176 3407 Iacobo
1193 3340 1334 3405 Pameiio

185 3446 269 3513 iacta
283 3446 376 3533 est’)
391 3448 538 3531 equidem
553 3448 605 3514 uir
621 3448 792 3534 excogitari
805 3466 901 3532 posse
915 3447 1101 3514 crediderim
1114 3446 1335 3525 infeliciorem,

186 3554 298 3638 utpme
327 3574 389 3637 qua
417 3558 602 3637 separentur
629 3574 710 3639 quae
739 3555 899 3622 artissime
926 3555 1010 3620 iuter
1037 3574 1071 3620 se
1104 3554 1273 3620 cohaerent
1304 3554 1337 3618 st

187 3660 420 3745 coniungantur
456 3680 538 3744 quae
575 3665 761 3747 argumento
797 3664 891 3747 plene
928 3665 1004 3727 sunt
1036 3661 1171 3727 diuerso.
1209 3660 1266 3725 sed
1296 3678 1336 3723 ne

234 3920 252 3987 1)
272 3920 366 3977 Solum
384 3922 407 3978 1.
427 3939 480 3978 vau
499 3922 548 3979 der
564 3923 639 3980 Vliet
657 3941 711 3979 uuo
733 3926 794 3981 loco
818 3925 870 3980 hac
893 3923 1055 3979 emendandi
1072 3924 1179 3979 ratione
1196 3937 1275 3977 usum
1292 3922 1335 3975 in-

187 4009 276 4075 uenio,
295 4009 343 4081 qui
360 4009 453 4077 (secu
467 4012 557 4068 eccles.
571 4030 598 4084 p.
614 4014 659 4081 66)
673 4013 831 4069 ieliciasima
849 4013 1041 4068 obseruatione
1059 4012 1143 4068 uerba
1160 4011 1337 4067 medenda

188 4104 247 4152 erac
257 4098 417 4168 procacitas
431 4101 533 4156 aciatis
546 4101 741 4157 uereesmdium
756 4102 880 4157 dalem
894 4117 925 4156 cx
937 4102 1002 4156 libri
1016 4102 1151 4157 adunasse
1163 4087 1337 4156 ueremini

191 4188 280 4257 capite
299 4188 332 4245 16
351 4188 380 4242 in
400 4188 499 4261 capitis
519 4190 553 4244 14
571 4190 652 4245 finem
670 4192 839 4262 transposuit
855 4190 901 4256 (ci.
919 4206 946 4259 p.
966 4190 1028 4254 855,
1046 4193 1085 4257 4).

234 4272 256 4343 ¹)
274 4274 307 4330 In
325 4292 357 4332 ea
375 4276 495 4332 editione
515 4294 583 4349 quae
601 4278 705 4350 prodiit
722 4280 836 4334 Parisiis
855 4295 925 4334 anuo
944 4278 1023 4335 1588.

217 4398 350 4441 xxxxvn.
365 4402 425 4443 uera
440 4402 484 4443 111.
1287 4401 1300 4435 c
