3250 4959
403 411 450 465 111.
470 411 636 464 Aduersus
656 413 889 482 Hermogenem
910 413 1023 467 13-15.
1223 417 1283 480 141

134 607 202 670 tate
228 602 379 680 condidit,
410 603 437 668 si
465 622 500 668 ex
530 604 672 681 materis,
701 622 736 668 ex
766 605 941 682 uoluntate,
971 604 998 669 si
1021 625 1058 669 er
1086 606 1194 672 nihilo.
1223 607 1285 672 iarn

137 713 221 776 enim
242 710 310 774 sine
330 729 427 776 causa
444 710 581 787 laboras,
600 729 639 774 ne
658 711 814 774 malorum
835 715 945 776 auctor
963 713 1178 778 constituatur
1196 714 1285 793 deus,

137 818 212 900 quie
236 817 320 882 etsi
344 817 382 882 de
404 817 537 882 materis
559 817 646 895 iecit,
673 816 737 902 ipsi
761 817 999 901 deputabuntur
1023 819 1077 902 qui
1100 819 1187 899 fecit,
1212 839 1285 904 que·

137 933 230 990 tenus
255 923 385 1008 proinde
407 923 494 1002 iecit,
519 924 585 989 acsi
609 924 646 988 de
670 923 768 989 nihilo
792 924 932 1005 fecisset,
959 944 1016 990 uec
1044 926 1177 992 interest
1204 927 1286 992 unde

107 1032 259 1098 eiecerit.
282 1033 374 1116 plano
397 1031 443 1095 sic
471 1031 613 1107 interest,
643 1030 726 1096 unde
754 1032 874 1107 fecerit,
902 1035 940 1096 ut
960 1032 1034 1096 iude
1058 1034 1180 1111 lecerit,
1203 1034 1286 1099 undo

137 1158 207 1202 eum
242 1137 347 1221 magis
380 1135 497 1202 decuit.
530 1137 631 1222 magis
664 1140 770 1202 autem
805 1156 877 1202 eum
912 1137 1020 1202 decuit
1051 1157 1087 1203 ex
1120 1139 1286 1205 uoluntate

136 1244 250 1308 iecisse
276 1260 369 1327 quam
394 1261 430 1306 en
453 1243 653 1321 necessitate,
677 1243 709 1306 id
733 1248 784 1307 est
807 1263 842 1307 ex
871 1244 970 1333 nihilo
997 1243 1106 1326 potius
1131 1263 1225 1326 quem
1249 1266 1284 1311 ex

136 1351 280 1416 matoria.
310 1351 437 1434 dignius
467 1353 517 1414 est
540 1349 635 1414 deum
659 1351 755 1414 etiam
783 1351 939 1416 malorum
963 1355 1125 1416 auctorem
1148 1351 1285 1418 liberum

136 1458 263 1523 credere
288 1477 382 1540 quam
406 1475 544 1522 seruum.
564 1475 781 1538 quaecumque
799 1459 943 1540 potestas
963 1457 991 1520 ei
1011 1476 1105 1540 quarn
1124 1457 1285 1541 pusillitas

97 1587 119 1625 ro
137 1566 302 1647 competit.
328 1567 374 1630 sic
398 1570 439 1643 et,
469 1565 494 1630 si
520 1565 723 1630 condiccmus
753 1566 919 1629 materiam
947 1564 1076 1647 quidem
1104 1565 1184 1630 nihil
1211 1566 1283 1633 boni

136 1672 298 1748 habuisse,
323 1672 417 1736 deum
436 1691 522 1748 uero,
548 1671 576 1737 si
595 1671 670 1752 quid
689 1671 763 1736 boni
784 1670 894 1750 edidit,
918 1689 977 1736 sue
994 1673 1116 1737 uirtute
1135 1672 1284 1751 edidisse,

136 1779 213 1843 aliae
233 1796 335 1860 acque
351 1777 531 1842 ahorientur·
550 1778 762 1860 quaestiones
782 1777 895 1859 primo,
917 1777 1080 1843 sibonum
1102 1778 1134 1843 in
1154 1778 1286 1842 materis

137 1885 263 1950 omniuo
288 1903 349 1949 non
372 1884 443 1960 fuit,
466 1903 527 1948 non
547 1903 583 1948 cx
602 1884 733 1948 materia
752 1884 870 1949 bonum
889 1884 1022 1962 fectum,
1046 1884 1131 1968 quod
1153 1884 1286 1950 materis

137 1991 262 2056 scilicet
290 2011 351 2055 non
381 1991 500 2055 habuit.
529 1991 652 2065 dehinc,
682 1991 710 2054 si
737 2009 798 2055 nou
828 2010 864 2056 ex
891 1991 1035 2071 materia,
1062 1992 1127 2056 iam
1151 2011 1224 2076 ergo
1249 2011 1285 2057 ex

101 2097 351 2164 radnorensium.
379 2099 406 2162 si
434 2117 491 2162 nec
521 2117 556 2163 er
580 2098 649 2175 deo,
676 2098 740 2162 iarn
769 2117 844 2182 ergo
873 2117 909 2162 er
937 2098 1036 2164 nihilo
1064 2100 1197 2164 factum.
1224 2099 1284 2167 hoc

138 2205 217 2270 enim
241 2209 391 2288 superest
414 2205 588 2270 secundum
612 2204 823 2289 Hermogenis
847 2203 1101 2287 dispositionem.
1128 2207 1169 2271 15
1192 2224 1283 2288 porro

138 2311 300 2378 sibonum
324 2329 425 2395 nequo
451 2330 485 2375 ex
510 2311 643 2376 materia
665 2312 787 2376 factum
812 2315 872 2388 cst,
892 2313 1047 2394 quianon
1072 2315 1140 2377 erat
1162 2312 1194 2376 in
1218 2312 1283 2390 ills,

140 2422 173 2482 ut
192 2419 223 2482 in
242 2419 339 2494 mala,
363 2437 463 2500 neque
484 2437 519 2481 er
539 2417 608 2504 deo,
634 2419 708 2501 quie
728 2417 805 2482 nihil
824 2417 933 2501 potuit
955 2436 990 2481 sn
1015 2416 1073 2482 deo
1098 2418 1176 2494 lieri,
1200 2417 1285 2483 sicut

139 2523 242 2589 definit
268 2524 498 2607 Hermogenes,
532 2523 693 2589 inuenitur
719 2524 837 2588 honum
868 2524 932 2588 iam
960 2543 996 2588 ex
1025 2524 1123 2588 nihilo
1151 2524 1282 2599 iactum,

102 2647 123 2684 ²⁰
139 2633 172 2694 ut
193 2650 228 2695 cx
251 2630 342 2695 nullo
365 2630 495 2708 iactum,
520 2635 557 2695 ut
580 2650 680 2713 noque
705 2650 739 2695 er
763 2631 898 2696 materis
920 2649 1020 2712 neque
1045 2650 1080 2694 er
1105 2631 1172 2696 deo.
1201 2632 1283 2696 etsi

138 2736 249 2801 honum
281 2756 318 2802 ex
341 2736 452 2814 nihilo,
481 2755 537 2801 cur
565 2756 624 2802 non
650 2741 683 2801 et
710 2737 851 2801 malum?
879 2737 976 2802 immo
1006 2755 1062 2800 cur
1088 2756 1149 2801 nou
1178 2737 1284 2802 omnia

170 3137 185 3189 2
203 3136 268 3191 deus
288 3134 353 3204 PN,
369 3135 424 3190 illis
438 3135 468 3189 F
521 3137 537 3190 3
557 3140 690 3204 quatenus
709 3135 821 3206 proinde
839 3135 948 3204 scripsi:
967 3134 1082 3205 proinde
1101 3138 1235 3205 quatenns
1248 3135 1281 3203 P,

139 3225 243 3290 proinde
267 3228 387 3294 quantus
409 3223 469 3279 NF
537 3223 683 3277 uerborum
705 3222 829 3276 ordinem
851 3222 967 3276 inserti:
996 3222 1076 3291 plane
1105 3222 1144 3276 sic
1166 3222 1282 3276 interest

140 3312 203 3367 uude
223 3314 321 3368 iecerit
343 3330 374 3368 sc
397 3314 419 3366 si
443 3312 476 3367 de
503 3313 591 3368 nihilo
618 3312 735 3379 iecisset,
762 3329 811 3367 nec
838 3313 955 3365 interest
981 3309 1053 3364 unde
1081 3310 1177 3365 fecerit
1198 3311 1284 3365 PNF

141 3401 416 3472 beumlclt.)ons.F
460 3403 640 3471 lex(prius)
656 3417 706 3455 orn.
722 3401 751 3454 N
791 3399 977 3464 8dcumPN,
993 3400 1160 3454 dominusF
1194 3400 1229 3454 10
1242 3401 1280 3454 sic

141 3492 172 3550 et,
188 3491 210 3543 si
227 3491 399 3545 condicemus
416 3491 524 3558 scripsi:
548 3490 572 3542 si
592 3493 619 3542 ct
638 3489 676 3542 sic
695 3487 868 3542 concedimus
887 3487 921 3553 P,
946 3487 984 3540 sic
1004 3491 1032 3539 et
1051 3487 1089 3540 sic
1109 3486 1280 3540 concedimus

142 3574 193 3628 NF
243 3580 273 3633 ll
300 3579 380 3634 deum
403 3581 512 3648 scripsi:
538 3577 676 3632 dominum
699 3577 785 3631 PNF
839 3577 872 3630 12
895 3576 965 3630 aliae
989 3592 1074 3645 aeque
1097 3575 1131 3642 P,
1156 3575 1279 3644 eliaeque

142 3663 193 3718 NF
259 3670 417 3723 oborientur
444 3675 489 3734 (ε
517 3685 575 3722 non
601 3668 660 3720 iam
687 3666 777 3736 erunt)
806 3665 841 3731 F,
871 3665 1028 3718 oborientur
1055 3662 1089 3731 P,
1122 3662 1281 3717 oboriuntur

143 3753 169 3804 N
231 3773 302 3826 puae
325 3758 426 3812 abhinc
450 3757 577 3828 lepontnr
599 3755 664 3809 inde
687 3772 705 3807 a
728 3755 818 3808 uerbis
841 3754 936 3824 primo,
961 3753 984 3806 si
1007 3751 1108 3806 bouum
1135 3768 1221 3820 nsque
1241 3751 1281 3805 ad

141 3857 219 3912 usque
233 3863 263 3901 ex
277 3846 328 3900 deo
342 3848 371 3913 11.
386 3850 432 3912 18)
445 3863 504 3900 non
519 3846 583 3899 bene
596 3861 624 3898 se
637 3843 746 3906 habent,
765 3844 866 3913 qnippe
880 3843 910 3900 in
923 3842 1023 3911 quibus
1037 3841 1078 3894 bis
1092 3840 1163 3896 idem
1178 3840 1280 3895 dictum

141 3930 179 3986 rit.
197 3931 301 4003 duplici
316 3937 413 4003 fornia
436 3931 587 4002 concepisse
611 3934 678 4011 haec
700 3931 810 3986 uidetur
832 3931 916 3986 Tert:
941 3932 968 4000 a)
991 3931 1078 4000 primo
1103 3929 1279 4000 si-disposi·

142 4019 232 4076 tionem
251 4023 319 4093 (111),Ι
334 4022 363 4090 b)
384 4023 484 4092 [porro]
505 4023 528 4076 si
547 4022 772 4090 bonum-neque
793 4037 823 4073 ex
839 4020 898 4073 deo.
913 4019 1080 4074 smcabalum
1098 4035 1187 4088 porro,
1205 4019 1279 4087 qnod

144 4108 169 4160 iu
191 4109 219 4162 F
242 4111 320 4180 deest,
348 4112 546 4179 interpolatum
573 4110 642 4164 mibi
669 4109 786 4173 uidetur,
810 4116 960 4178 postquam
988 4109 1180 4174 confluxerunt
1207 4107 1279 4162 duae

143 4201 295 4256 reversiones
351 4203 384 4255 15
402 4200 454 4255 hoc
472 4200 535 4268 ΡΝ,
559 4200 623 4254 hinc
642 4199 672 4252 F
726 4201 757 4253 16
782 4215 862 4268 porro
882 4214 931 4251 om.
951 4197 981 4250 F
1052 4197 1123 4249 necle
1145 4197 1197 4250 boc
1220 4197 1277 4252 loco

144 4283 340 4358 delinquuntur
358 4291 453 4358 capita
510 4291 542 4343 17
562 4289 589 4342 in
610 4305 660 4342 om.
680 4287 712 4342 N
