3250 4959
378 405 439 458 Vll.
459 405 626 461 Aduersus
645 408 842 461 Marcionem
860 407 908 462 lib.
927 407 984 462 1111
1003 409 1117 465 13-14.
1248 413 1313 477 459

213 605 262 668 14.
287 603 389 668 Venio
413 622 496 668 nuno
521 604 560 668 ad
583 603 755 668 ordinarias
776 604 949 668 sententias
969 603 1049 680 eius,
1072 624 1129 687 per
1147 623 1225 686 quas
1244 621 1314 687 pro·

162 709 332 792 prietatem
357 709 517 775 doctrinae
547 730 622 774 suae
646 711 778 788 inducit,
804 711 844 776 ad
868 710 1019 787 edictum,
1043 714 1080 775 ut
1102 711 1147 776 ita
1171 711 1313 788 dixerim,

163 815 300 882 Christi:
341 817 445 882 beati
478 817 650 896 mendici,
685 855 723 863 -
760 817 806 881 sic
840 817 923 882 onim
962 818 1060 902 exigit
1095 818 1313 901 interpretatio

163 923 324 1002 uocabuli,
358 922 442 1004 quod
475 923 505 986 in
536 922 656 988 Graeco
690 930 740 987 est
777 961 818 969 -
861 924 1035 1006 quoniam
1067 923 1222 989 illorum
1256 928 1313 989 est

127 1028 225 1093 adei
249 1047 413 1112 regnum.
437 1029 500 1094 iam
525 1029 584 1094 hoc
608 1029 725 1112 ipsum,
750 1029 835 1112 quod
859 1049 878 1094 a
900 1030 1174 1096 benedictionibus
1198 1032 1313 1114 coepit,

164 1137 316 1202 creatoris
341 1140 400 1215 est,
426 1137 479 1219 qui
503 1137 662 1213 uniuersa,
687 1140 781 1218 prout
800 1137 909 1215 edidit,
934 1137 1021 1202 nulla
1040 1137 1102 1201 alia
1119 1157 1198 1204 uoce
1218 1159 1314 1222 quam

162 1242 393 1308 benedictionis
421 1243 596 1308 dedicauit:
621 1244 823 1322 eructauit,
847 1245 961 1327 inquit,
996 1262 1058 1309 cor
1090 1263 1209 1310 meum
1242 1265 1313 1311 ser·

164 1369 307 1414 monem
346 1351 537 1433 optimum.
575 1351 627 1415 hic
665 1353 724 1416 erit
755 1371 859 1416 sermo
893 1352 1045 1434 optimus,
1083 1352 1314 1417 benedictionis

165 1457 299 1536 scilicet,
324 1456 378 1538 qui
402 1460 435 1521 ct
458 1459 531 1522 noui
556 1477 682 1541 quoque
705 1458 890 1523 testamenti
912 1458 1055 1524 initiator
1072 1459 1256 1543 agnoscitur
1275 1459 1313 1524 de

116 1585 145 1622 ro
164 1564 285 1628 ueteris
314 1563 465 1646 exemplo.
495 1565 571 1645 quid
601 1583 675 1647 ergo
703 1565 830 1639 mirum,
860 1565 888 1628 si
912 1568 944 1629 et
966 1565 1005 1629 ah
1030 1565 1206 1630 adfectibus
1231 1585 1314 1631 orea-

163 1671 244 1737 ton's
267 1670 431 1755 ingressus
456 1673 506 1735 est
524 1690 579 1753 per
597 1671 782 1736 huiusmodi
802 1671 986 1749 dictionem,
1009 1690 1135 1754 semper
1151 1671 1314 1738 mendicos

165 1782 199 1841 ot
221 1795 376 1860 pauperes
400 1780 432 1842 et
455 1777 592 1842 humiles
617 1797 652 1842 ac
676 1779 790 1843 uiduas
815 1781 848 1843 et
870 1778 1010 1861 pupillos
1029 1797 1132 1861 usque
1152 1777 1314 1863 diligentis

166 1883 362 1948 consolantis
400 1883 573 1948 adserentis
617 1885 821 1963 uindicantia,
863 1888 900 1949 ut
945 1885 1025 1949 hanc
1059 1885 1177 1950 Christi
1223 1885 1314 1967 quasi

163 1990 322 2072 priuatam
345 1991 575 2074 benignitatem
599 1991 740 2056 riuulum
761 1992 870 2056 credas
895 1991 933 2056 da
957 1991 1099 2056 fontibus
1124 1991 1314 2056 saluatoris?

116 2119 144 2159 aa
164 2115 275 2160 reuera
295 2116 356 2177 quo
377 2097 510 2181 dirigam
530 2098 637 2162 nescio
656 2098 687 2161 in
707 2100 796 2162 tanta
815 2097 992 2180 frequentia
1011 2096 1167 2162 eiusmodi
1185 2115 1313 2174 uocum,

164 2209 328 2286 tamquam
347 2205 378 2268 in
399 2205 481 2269 silua
500 2207 553 2270 uel
570 2206 602 2270 in
621 2207 709 2288 prato
731 2206 782 2269 uel
800 2205 832 2268 in
852 2215 979 2269 nemore
994 2223 1170 2288 pomorum.
1193 2203 1314 2285 passim

164 2313 261 2393 prout
284 2311 396 2376 incidit
424 2331 473 2376 res
507 2311 641 2393 petenda
674 2314 732 2378 est.
766 2311 918 2375 inclamat
950 2310 1108 2393 psalmus:
1145 2310 1313 2374 iudicate

164 2417 316 2500 pupillo
350 2420 388 2483 et
419 2418 588 2484 mendico
624 2423 658 2484 et
691 2419 869 2483 humilem
904 2420 940 2482 et
974 2435 1174 2500 pauperem
1211 2417 1313 2482 iuste

165 2528 342 2602 tractate,
381 2525 542 2590 liberate
580 2545 780 2609 pauperem
815 2529 852 2589 et
884 2524 1095 2589 mendicum
1130 2523 1172 2588 de
1205 2543 1313 2588 manu

117 2632 381 2714 aopecoatoris
421 2632 551 2697 eruite.
589 2633 666 2697 item
700 2633 844 2715 psalmus
883 2632 1140 2715 septuagesimus
1177 2633 1314 2714 primus:

165 2738 322 2802 iustitia
354 2738 543 2803 iudicabit
575 2739 768 2804 mendicos
801 2739 934 2822 populi
966 2743 1003 2802 et
1035 2739 1151 2802 faciet
1184 2738 1313 2803 saluos

166 2844 272 2908 filios
309 2863 522 2928 pauperum,
561 2850 593 2909 et
625 2846 656 2908 in
690 2846 898 2926 sequentibus
932 2844 971 2908 de
1005 2844 1148 2909 Christo:
1187 2863 1312 2908 omnes

166 2950 341 3015 nationes
371 2952 540 3015 seruient
569 2952 612 3030 ei,
641 2989 683 2996 —
712 2952 818 3015 Dauid
846 2955 953 3016 autem
977 2952 1030 3016 uni
1055 2952 1143 3034 genti
1166 2951 1314 3016 Iudaicae

165 3057 315 3140 praefuit,
338 3077 375 3122 ne
396 3058 500 3141 quiin
522 3059 625 3124 Dauid
645 3063 736 3142 putet
755 3059 888 3138 dictum,
912 3058 986 3141 qnia
1005 3063 1037 3122 et
1054 3058 1109 3123 ille
1130 3061 1315 3140 susceperat

117 3183 146 3224 aa
165 3164 303 3228 humiles
333 3167 365 3228 et
392 3165 636 3229 necessitatibus
665 3165 845 3229 laborantes
876 3202 916 3210 —
947 3163 1045 3246 quod
1077 3164 1313 3239 liberauerit,

164 3270 280 3353 inquit,
300 3291 318 3335 a
337 3270 495 3354 dynasta
514 3271 737 3348 mendicum3
763 3273 892 3354 parcet
910 3271 1081 3335 mendico
1102 3274 1138 3334 et
1157 3271 1314 3352 pauperi

166 3381 203 3440 et
232 3377 375 3442 animas
400 3397 604 3461 pauperum
634 3379 761 3442 saluas
790 3379 918 3454 faciet,
947 3396 987 3441 er
1016 3396 1128 3441 usura
1158 3381 1194 3440 et
1220 3377 1314 3442 iniu-

255 3567 282 3635 3]
301 3566 365 3621 Luc.
384 3567 409 3630 6,
430 3567 472 3621 20.
492 3567 600 3636 (Matth.
621 3573 645 3630 5,
667 3567 700 3632 3.)
770 3569 797 3636 71
818 3569 862 3620 Ps.
881 3570 925 3631 44,
946 3569 970 3621 2.
1042 3568 1085 3636 14]
1107 3565 1140 3621 cf.
1160 3567 1205 3621 Es.
1227 3568 1268 3632 12,
1287 3569 1313 3622 3·

167 3657 210 3725 17]
230 3657 274 3710 Ps.
293 3657 335 3725 81,
354 3657 433 3710 3-4.
479 3658 523 3726 21]
543 3657 686 3721 Ps.71,4.
733 3658 969 3726 221Ps.71‚11.
1007 3657 1314 3726 251Ps.71,1a-14.

202 3763 218 3815 2
239 3762 351 3828 inducit,
372 3763 407 3817 ad
421 3765 500 3833 Erip:
520 3763 626 3818 inducit
640 3764 672 3818 ad
686 3765 769 3832 urrlpo
821 3769 837 3819 5
853 3765 896 3818 dei
910 3781 1022 3834 regnum
1035 3765 1077 3831 M,
1092 3781 1203 3832 regnum
1220 3764 1264 3818 dei
1277 3763 1313 3827 R,

166 3867 280 3920 reguum
301 3852 436 3907 coelorum
456 3855 529 3907 Pam
612 3855 626 3907 7
646 3854 844 3908 benedictionis
862 3855 910 3915 12³.
929 3853 1166 3908 benedictionibus
1183 3853 1226 3918 M,
1245 3854 1316 3906 bene

166 3939 257 4009 dignis
271 3939 310 3994 R²
365 3941 746 4013 eructauit<enim>lfPom
803 3943 836 3997 10
850 3943 950 3996 ueteris
965 3943 1036 3996 lecu:
1049 3943 1136 3996 ueteri
1148 3942 1211 3996 MR
1264 3943 1316 3996 mi·

164 4046 223 4084 rum
241 4031 326 4099 <eat>
341 4030 413 4084 Pom
466 4032 495 4084 ll
514 4032 725 4101 estperuulgo
780 4031 928 4085 dictionem
944 4032 1144 4102 semperuulgo
1183 4032 1215 4084 12
1230 4048 1315 4101 usque

165 4141 200 4166 -τ
214 4135 318 4188 semper
371 4121 406 4174 23
422 4121 600 4188 parenthesin
615 4121 755 4176 dereliceat:
774 4121 807 4174 ei.
827 4119 918 4174 Dauid
937 4121 1022 4190 sculpo
1077 4120 1164 4189 geniti
1182 4120 1218 4172 Μ
1234 4124 1314 4186 (corr.

165 4224 200 4260 m.
220 4211 247 4274 1)
324 4207 359 4262 24
379 4225 412 4262 ne
433 4208 581 4277 quiMR1,
600 4225 635 4262 nc
655 4209 714 4277 quis
734 4209 773 4263 12³
846 4211 880 4264 25
899 4209 1064 4263 liberauerat
1081 4225 1156 4278 casp.
1174 4210 1239 4278 Eup
1257 4210 1315 4278 (aed

167 4293 239 4366 quod
260 4298 323 4366 quia
342 4313 400 4352 cum
421 4299 599 4352 coniunctura
617 4299 729 4365 saepius
748 4303 904 4364 occurrunt)
