3250 4959
412 421 462 475 Ill.
483 421 651 476 Aduersus
670 421 907 492 Hermogenem
927 423 1041 476 11-12.
1238 427 1301 492 139

147 615 220 680 inde
246 619 371 680 natura.
395 631 487 695 perro
512 617 655 678 naturam
682 618 798 678 certam
824 618 856 679 et
877 613 971 680 fixam
994 615 1103 680 baberi
1131 616 1302 699 oportebit,

148 727 213 786 tam
238 723 273 788 in
298 721 381 786 malo
405 725 659 802 perseuerantem
684 720 767 802 apud
791 722 958 786 materiam
987 742 1082 805 quam
1111 724 1196 788 etin
1219 725 1302 790 bono

149 829 234 912 apud
264 829 371 905 deum,
399 827 675 892 insonuertibilem
703 831 735 892 et
762 826 1025 893 indemutabilem
1054 829 1188 909 scilieet,
1216 830 1302 912 quia,

150 937 176 1000 si
200 934 423 1000 demutabitur
440 937 552 998 nat-ura
570 933 601 998 in
625 934 759 998 materia
777 934 817 998 de
835 935 921 1000 malo
939 935 972 999 in
991 934 1121 1013 bonum,
1146 936 1301 1002 demutari

121 1041 270 1124 apoterit
294 1045 327 1106 et
349 1042 380 1106 in
406 1040 463 1106 deo
489 1039 525 1105 de
553 1041 635 1105 bono
658 1040 690 1104 in
715 1041 844 1105 malum.
872 1041 933 1106 hoc
961 1041 1032 1107 loeo
1061 1041 1146 1106 diest
1169 1042 1301 1125 aliquis:

150 1167 223 1232 ergo
250 1148 290 1212 de
308 1147 470 1231 lapidibus
489 1145 546 1210 filii
567 1146 711 1212 Abrahae
730 1167 791 1212 non
816 1147 1067 1224 suscitabuntur,
1092 1151 1124 1213 et
1142 1149 1303 1231 genimina

151 1255 335 1338 uiperarum
359 1273 421 1318 non
449 1255 567 1318 facient
593 1255 804 1336 paenitentiae
833 1255 983 1331 fructum,
1012 1258 1045 1318 et
1067 1254 1125 1319 lilii
1152 1255 1217 1320 irae
1240 1275 1301 1320 non

151 1359 226 1424 lient
249 1360 310 1424 filii
335 1359 435 1443 pacis,
464 1358 491 1423 si
514 1361 628 1423 natura
652 1358 816 1424 mutabilis
840 1378 901 1423 non
926 1360 1006 1424 erit?
1034 1364 1152 1425 temore
1176 1361 1216 1426 ad
1239 1361 1304 1426 ista

152 1467 296 1550 exempla
323 1465 486 1548 respicies,
512 1485 528 1530 o
554 1465 659 1530 homo.
688 1485 749 1530 nen
779 1465 863 1530 enim
891 1471 1078 1550 competunt
1106 1467 1144 1532 ad
1173 1487 1301 1532 oausam
1342 1541 1348 1549 ‚

112 1574 314 1648 amatoriae,
339 1592 418 1655 quae
441 1574 548 1637 innata
571 1575 631 1650 est,
655 1591 790 1655 eaquae
814 1577 888 1637 nata
906 1577 991 1650 sunt,
1014 1574 1137 1655 lapides
1161 1578 1193 1638 st
1216 1574 1302 1656 uipe-

152 1698 202 1743 rae
231 1683 265 1744 et
293 1679 453 1754 hominem
487 1680 598 1744 herum
633 1679 715 1743 enim
748 1683 861 1743 natura
892 1679 1035 1744 babendo
1067 1680 1302 1746 institutionem

152 1786 267 1851 habere
305 1785 423 1870 poterit
460 1789 492 1850 et
528 1785 750 1852 cessationem.
788 1787 953 1851 materiam
985 1805 1062 1852 uero
1099 1790 1186 1852 tene-
1203 1789 1303 1852 semel

154 1897 313 1958 aeternam
347 1892 597 1970 determinatam,
631 1895 668 1956 ut
704 1892 865 1971 infertam,
904 1898 942 1957 ut
976 1893 1127 1973 innatam,
1164 1897 1196 1958 et
1231 1893 1302 1958 ideo

155 1997 391 2065 indemutabilis
421 2002 453 2064 et
480 1999 723 2064 incorreptibilis
751 2001 883 2063 naturae
912 1999 1107 2074 credendam,
1137 2000 1303 2082 exipsius

118 2129 138 2168 n
157 2105 251 2172 etiam
276 2106 434 2170 sententia
456 2105 678 2188 Hermogenis,
703 2123 798 2187 quam
822 2105 964 2188 opponit,
992 2123 1065 2170 eum
1089 2105 1185 2172 deum
1208 2110 1304 2191 negat

157 2230 189 2274 er
217 2212 392 2294 semetipso
421 2212 524 2275 faeere
552 2211 708 2294 potuisse,
742 2212 817 2294 quia
844 2229 905 2276 non
934 2210 1117 2277 demutetur
1149 2212 1232 2295 quod
1260 2213 1304 2278 sit

157 2324 328 2383 aeternum.
353 2319 545 2384 amissurum
570 2318 696 2384 soilioet
719 2319 803 2400 quod
826 2318 940 2396 fuerat,
965 2318 1041 2383 dum
1064 2319 1120 2384 fiat
1139 2339 1176 2384 er
1194 2320 1304 2384 demn-

157 2425 271 2490 tatione
306 2423 391 2506 quod
423 2443 485 2490 non
519 2429 595 2502 erat,
630 2426 677 2490 sie
704 2443 764 2489 non
795 2443 865 2490 esse
893 2429 1065 2490 aeternum.
1100 2426 1195 2490 deum
1228 2444 1302 2509 ergo

158 2536 316 2596 aeternum
341 2531 522 2596 aliudesse
547 2549 608 2595 non
631 2549 725 2614 posse
750 2549 845 2613 quam
870 2531 955 2615 quod
982 2535 1033 2596 est
1059 2549 1194 2614 semper.
1223 2531 1304 2596 bano

120 2661 142 2699 n
159 2641 189 2700 et
215 2657 274 2723 ego
303 2637 519 2702 definitionem
549 2637 661 2702 merito
694 2637 725 2702 in
757 2637 851 2711 illum
883 2638 1105 2720 repercutiam.
1137 2639 1302 2702 materiam

159 2763 252 2826 aeque
285 2744 491 2829 reprehendo,
524 2753 597 2808 eum
632 2762 668 2808 ex
700 2744 756 2808 illa
788 2745 882 2822 mala,
915 2745 1056 2828 pessima
1083 2745 1189 2821 etiam,
1221 2745 1305 2810 bona

160 2853 249 2934 atque
273 2852 395 2934 optima
419 2871 437 2914 a
460 2850 519 2915 deo
547 2850 642 2915 dunt:
672 2854 710 2916 et
738 2851 846 2915 uidit
875 2850 973 2915 daus
1003 2852 1096 2933 quia
1124 2851 1236 2929 bona,
1266 2853 1306 2914 et

160 2955 368 3023 benedixit
392 2977 435 3022 ea
456 2957 563 3030 deus,
589 2957 701 3040 utique
720 2977 782 3041 qua
801 2957 933 3040 optima,
957 2976 1018 3022 non
1037 2961 1121 3022 oerte
1140 2977 1204 3039 qua
1222 2957 1306 3022 mala

160 3079 192 3126 ao
218 3064 369 3148 pessima.
398 3063 648 3128 demutationem
679 3063 779 3147 igitur
806 3063 937 3128 admisit
969 3065 1112 3141 materia,
1145 3067 1177 3129 et
1204 3063 1232 3129 si
1259 3063 1306 3127 ita

124 3189 146 3231 a
161 3171 214 3248 est,
237 3175 358 3238 statum
382 3170 578 3235 aeternitatis
599 3169 720 3246 amisit;
745 3173 940 3234 mortuaest
959 3170 1095 3252 denique
1114 3188 1174 3234 sua
1195 3170 1305 3234 forma.

241 3311 270 3380 6]
296 3309 329 3364 ei.
352 3309 451 3365 Matth.
474 3310 500 3372 3,
524 3310 553 3373 9;
577 3309 642 3364 Luc.
665 3311 691 3372 3,
715 3309 740 3362 8.
815 3309 849 3363 oi.
872 3308 971 3361 ldatth.
995 3309 1021 3373 3,
1047 3309 1130 3372 7-83
1150 3308 1214 3362 Luc.
1233 3310 1259 3367 3,
1278 3309 1302 3362 7.

163 3397 186 3466 l]
204 3399 235 3453 ei.
252 3400 321 3470 ltph.
340 3401 366 3468 2,
386 3401 410 3454 3.
466 3399 513 3468 22]
532 3397 599 3454 Gen.
621 3399 645 3462 l,
665 3399 782 3454 21-22

196 3507 205 3556 l
229 3509 338 3577 oportet
362 3506 491 3560 Oelrlerrrs
514 3506 614 3570 (amoto
637 3506 721 3572 unde)
777 3505 792 3558 3
818 3503 896 3558 deum
921 3502 1157 3556 iuconuertibilem
1181 3507 1209 3556 et
1227 3502 1302 3556 inde-

164 3594 321 3649 mutabilem.
341 3594 543 3662 seilicetuulpe
621 3593 684 3662 quia
703 3593 726 3646 ei
741 3593 806 3662 Rip:
828 3589 1006 3662 quasiPNF
1057 3590 1303 3657 risnelmum,

162 3683 251 3738 nonin
270 3684 370 3737 malum
391 3683 513 3740 PNFR¹
586 3681 709 3747 dioetR,
729 3681 796 3736 dicit
815 3680 842 3734 P
859 3681 992 3748 (berall)
1011 3680 1072 3733 NF
1119 3679 1256 3733 tinnient
1269 3680 1303 3745 P,

164 3767 236 3825 locist
256 3771 318 3827 NF
373 3772 405 3826 10
429 3789 460 3826 ea
485 3788 534 3829 om.
560 3771 590 3826 F
643 3773 676 3825 14
700 3772 728 3824 in
753 3768 931 3824 correctibilis
953 3767 991 3833 F,
1014 3768 1226 3838 incorruptibilis
1249 3768 1306 3822 ΡΝ

164 3859 237 3930 oolpo
292 3863 324 3916 17
344 3868 491 3924 aeternum,
512 3861 673 3914 amissurum
686 3861 771 3928 uulpo
842 3859 891 3912 fiat
908 3859 1017 3926 semmei:
1033 3857 1065 3910 fit
1079 3857 1164 3910 PNF
1218 3859 1251 3912 18
1265 3859 1305 3912 sio

164 3961 210 4000 non
228 3967 284 4006 esse
304 3955 443 4004 aeternum
462 3950 576 4018 scripsi:
593 3949 616 4003 si
631 3965 684 4002 non
700 3951 772 4002 esset
786 3952 925 4001 aeternum
941 3945 1028 4000 PNF
1097 3945 1175 4000 deum
1194 3947 1303 4014 scripsi:

166 4032 293 4094 dominum
321 4039 407 4094 PNF
486 4055 549 4108 ergo
578 4037 644 4102 NF,
673 4053 737 4091 nero
766 4037 793 4090 P
810 4035 895 4106 urbo
950 4036 984 4090 19
1012 4035 1304 4090 hanc-definitionem

165 4127 262 4196 scripsi:
291 4129 343 4182 hae
371 4127 528 4183 definitione
556 4126 642 4182 PNF
693 4126 728 4181 20
756 4125 783 4179 in
812 4125 888 4179 illum
911 4125 1022 4194 sampsi:
1051 4124 1136 4178 ullum
1164 4124 1199 4188 F,
1226 4124 1303 4179 illum

166 4211 216 4266 ΡΝ
280 4217 422 4272 materiam
442 4232 527 4286 aeque
542 4215 605 4280 PN,
625 4216 755 4270 materiae
775 4231 828 4284 quo
844 4213 874 4266 F
926 4215 960 4268 22
976 4231 992 4267 a
1007 4212 1058 4268 deo
1071 4213 1119 4276 12³,
1138 4214 1172 4266 ab
1193 4231 1223 4267 eo
1239 4213 1306 4280 NF,

167 4305 282 4361 onem
327 4306 361 4361 23
377 4303 566 4376 qua-quaN,
583 4305 775 4374 quasi—quasi
786 4304 819 4372 P,
831 4302 1035 4373 quia-quial?
1087 4306 1159 4356 certe
1171 4303 1302 4368 nonsart.
