3250 4959
317 387 380 451 618
541 385 657 449 Quinti
677 385 819 454 Septimi
837 384 1008 440 Florentio
1027 385 1232 440 Tertulliani

316 579 472 645 nouimus.
528 580 585 644 ‘De
600 580 756 663 paradiso‘
770 600 849 646 suus
865 580 959 645 stilus
975 584 1025 645 est
1038 581 1078 644 ad
1093 600 1217 646 omnem
1234 600 1328 663 qnam
1340 583 1470 664 patitur

316 686 543 768 quaestionem.
563 687 614 752 hic
630 686 710 751 illud
728 687 809 752 forte
827 687 976 762 mirabor,
995 688 1023 751 si
1041 688 1205 772 proprium
1223 689 1331 772 potuit
1348 690 1467 754 habere

314 791 497 874 paradisum
530 794 607 857 deus
641 793 760 858 nullius
793 798 934 858 terrenae
962 794 1197 877 dispositionis3
1229 795 1292 860 nisi
1314 797 1344 860 si
1366 797 1465 861 etiam

316 898 460 981 paradiso
485 899 633 965 creatoris
656 900 797 982 precario
817 904 975 975 deusest,
999 901 1085 965 sicut
1102 904 1136 965 et
1152 901 1280 966 mundo.
1305 906 1339 966 ot
1356 905 1464 968 umen

314 1006 474 1069 hominem
503 1006 615 1070 tollere
643 1006 682 1070 ad
710 1007 832 1070 caelum
858 1007 1007 1072 creatoris
1030 1008 1209 1089 exemplum
1233 1011 1284 1072 est
1305 1009 1337 1072 in
1362 1008 1466 1073 Helia.
1496 1035 1510 1071 s

315 1111 418 1196 magis
455 1130 531 1176 uero
565 1113 703 1176 mirabor
735 1111 831 1177 deum
863 1113 1030 1196 optimum,
1062 1113 1261 1196 percutiendi
1297 1118 1331 1179 et
1362 1117 1465 1180 saeui-

316 1218 386 1284 endi
420 1219 568 1296 alienum,
602 1238 659 1283 nec
691 1219 854 1302 proprium
887 1220 1012 1298 saltem,
1045 1219 1102 1284 sed
1134 1221 1285 1285 creatoris
1314 1223 1464 1305 angelum

316 1329 444 1390 satanae
478 1326 701 1406 colaphizando
736 1328 880 1407 apostolo
913 1345 971 1392 suo
1000 1326 1192 1410 adplicuisse
1224 1331 1330 1391 atter
1356 1329 1396 1392 ab
1426 1349 1464 1394 eo

316 1432 516 1498 obsecratum
540 1451 601 1495 non
626 1433 833 1496 concessisse.
858 1432 1006 1497 emendat
1028 1433 1127 1515 igitur
1145 1438 1178 1497 et
1196 1433 1274 1498 deus
1292 1434 1465 1500 Marcionis

315 1538 490 1604 secundum
507 1542 688 1615 creatorem,
709 1537 809 1602 elatos
829 1539 1039 1603 aemulantem
1061 1544 1093 1603 et
1112 1540 1318 1620 deponentem
1339 1542 1465 1606 scilicet
1483 1567 1507 1603 n

316 1645 354 1710 de
379 1645 458 1709 solio
484 1644 644 1727 dynastas.
670 1648 726 1708 ant
747 1645 903 1727 numquid
926 1646 995 1728 ipse
1014 1649 1073 1725 ost,
1098 1647 1152 1728 qui
1171 1651 1202 1712 et
1221 1649 1252 1711 in
1272 1667 1389 1730 corpus
1407 1649 1463 1713 Iob

315 1751 403 1816 dedit
426 1752 552 1816 satanae
576 1754 778 1835 potestatem,
803 1754 841 1815 ut
862 1751 966 1816 uirtus
989 1753 1022 1816 in
1043 1751 1227 1817 infirmitate
1245 1754 1462 1836 comprobare

315 1861 388 1922 tur?
467 1855 550 1935 Quid
566 1862 598 1922 et
611 1857 745 1922 formam
758 1857 841 1942 legis
856 1857 960 1923 adhuc
973 1861 1062 1922 tenet
1077 1858 1262 1924 Galatarum
1276 1861 1461 1945 castigator,

315 1965 346 2028 in
376 1965 479 2029 tribus
507 1965 646 2029 testibus
675 1963 863 2048 praefiniens
893 1968 1051 2029 staturum
1081 1985 1173 2029 omne
1200 1967 1359 2034 uerbum?
1388 1965 1462 2049 quid

315 2075 348 2135 et
378 2091 439 2136 non
472 2091 638 2154 parsurum
671 2089 705 2135 se
737 2071 958 2154 peccatoribus
991 2071 1203 2137 comminatur
1230 2073 1390 2137 lenissimi
1413 2073 1463 2138 dei
1481 2098 1506 2137 a

314 2178 522 2262 praedicator,
545 2178 643 2242 immo
668 2180 700 2242 et
721 2179 825 2259 ipsam
850 2178 961 2242 durius
985 2178 1100 2261 agendi
1123 2179 1156 2242 in
1178 2181 1359 2262 praesentia
1376 2184 1462 2261 pote

316 2289 432 2349 statem
456 2304 475 2348 a
498 2284 623 2349 domino
649 2284 754 2348 datam
779 2283 841 2348 sibi
863 2284 1029 2348 adfirmat?
1061 2304 1144 2368 nega
1170 2305 1264 2364 nunc,
1296 2285 1461 2364 haeretice,

314 2392 420 2454 timori
445 2390 537 2454 deum
562 2395 666 2468 tuum,
690 2391 781 2456 cuius
805 2391 971 2472 apostolus
996 2391 1179 2457 timebatur.

191 2522 304 2576 nolio·
363 2497 412 2559 13.
447 2494 572 2574 Quanto
606 2497 796 2580 opusculum
830 2496 1026 2580 profligatur,
1063 2497 1204 2562 breuiter
1243 2498 1307 2562 iam
1348 2502 1460 2562 retrae-

200 2607 297 2647 incitos
314 2603 410 2666 tanda
434 2605 510 2667 sunt
533 2621 613 2683 quac
644 2621 753 2666 rursus
788 2607 967 2680 occurrunt,
994 2603 1146 2685 quaedam
1173 2623 1249 2669 uero
1278 2609 1311 2668 et
1341 2605 1460 2670 tramit·
1477 2630 1504 2667 ec

314 2709 421 2786 tenda,
455 2728 534 2791 quae
567 2709 693 2792 saepius
728 2713 939 2774 occurrerunt.
969 2711 1059 2794 piget
1087 2709 1125 2774 de
1152 2712 1224 2794 lege
1255 2710 1360 2776 adhuc
1392 2731 1459 2777 con-

316 2815 415 2898 gredi,
450 2817 503 2896 qui
545 2817 664 2880 totiens
706 2816 906 2897 probauerim
949 2817 1185 2881 concessionem
1228 2817 1297 2882 eius
1338 2818 1460 2882 nullum

315 2926 536 3006 argumentum
571 2926 729 3005 praestare
763 2922 881 2987 diuersi
914 2923 963 2987 dei
1001 2924 1033 2986 in
1071 2922 1211 3002 Christo,
1247 2925 1458 3006 praedicatam

315 3029 440 3094 scilicet
464 3033 496 3092 et
518 3028 742 3111 repromissam
761 3028 793 3091 in
814 3028 974 3093 Christum
996 3029 1079 3111 apud
1099 3035 1282 3108 creatorem,
1305 3034 1459 3112 quatenus

315 3139 347 3198 et
361 3135 431 3217 ipsa
444 3135 537 3218 (istc)
557 3135 691 3217 epistola
709 3136 812 3219 legem
829 3135 1002 3218 plurimum
1022 3136 1150 3200 uidetur
1164 3136 1338 3203 excludere.
1359 3136 1415 3200 sed
1429 3141 1459 3200 et
1476 3158 1502 3198 a

313 3242 449 3306 iudicem
475 3242 568 3306 deum
593 3242 631 3306 ab
656 3243 800 3323 apostolo
826 3242 1021 3306 circumferri
1050 3261 1144 3324 saepe
1168 3242 1231 3307 iam
1259 3243 1458 3309 ostendimus

403 3380 430 3451 4]
450 3381 483 3434 cf.
503 3380 530 3435 11
550 3380 610 3438 eor.
631 3381 673 3448 12,
692 3381 717 3434 a.
791 3381 817 3450 r]
838 3380 872 3435 er.
892 3380 999 3437 neor.
1021 3382 1062 3446 ra,
1081 3383 1160 3435 r-s.
1232 3382 1276 3451 ro]
1296 3381 1329 3435 cr.
1349 3381 1414 3436 aue
1433 3383 1458 3441 1.

313 3470 427 3526 51-52.
483 3469 515 3524 cl.
535 3470 578 3525 Ps.
599 3470 659 3538 118,
678 3471 720 3523 21.
777 3471 809 3523 cl.
829 3470 873 3523 Po.
890 3470 950 3532 146,
966 3471 990 3523 8.
1043 3471 1087 3539 ll]
1108 3471 1140 3524 ci.
1155 3469 1204 3524 Iob
1221 3471 1245 3540 l,
1262 3471 1304 3524 12.
1361 3471 1405 3542 12]
1424 3471 1457 3526 cf.

313 3560 340 3613 11
360 3559 418 3613 Cor.
441 3562 481 3628 12,
501 3561 525 3614 9.
582 3558 908 3628 13]ct.1100r.1a,1.
965 3559 1164 3630 1111111111,
1185 3561 1227 3630 19,
1249 3562 1290 3614 15.
1378 3559 1458 3614 ctll

313 3647 373 3704 Cor.
395 3650 436 3715 13,
456 3648 480 3701 2.
538 3649 581 3718 16]
602 3649 635 3702 ci.
655 3647 683 3701 II
702 3647 762 3704 Cor.
784 3649 825 3712 13,
846 3649 887 3702 10.

350 3757 463 3812 lstilus
483 3781 516 3801 =
537 3756 605 3810 liber
659 3755 812 3809 imitabor
831 3757 960 3821 (rnirain
979 3755 1087 3822 12⁴th
1146 3755 1261 3810 6deum
1279 3755 1457 3824 eeripeirdo·

311 3847 414 3900 rninum
433 3845 495 3900 MR
551 3845 583 3898 10
603 3847 630 3897 et
648 3844 760 3912 compsi:
781 3847 813 3897 ut
829 3844 901 3909 MR,
920 3845 947 3896 ui
966 3845 1032 3913 Eup
1082 3845 1114 3898 17
1134 3844 1267 3898 adfirmat.
1285 3845 1459 3914 negamlqo

313 3936 346 3990 19
371 3935 418 3987 ΑΙ)
443 3932 663 3988 CORINTHIOS
688 3932 858 3987 SECVNDA
879 3931 1061 3999 excomm
1088 3933 1226 3988 INCIPIT
1252 3934 1302 3986 AD
1331 3932 1456 3988 CORIN-

311 4023 419 4078 THIOS
439 4023 481 4093 M,
501 4023 542 4076 De
562 4023 677 4092 epistola
696 4021 731 4075 ad
748 4023 885 4076 Romanos
903 4021 962 4076 RF
977 4023 1035 4089 (sed
1052 4023 1154 4076 omisca
1170 4038 1238 4076 uoce
1255 4021 1300 4088 de)
1354 4028 1457 4091 quanto

312 4115 379 4180 (scil.
398 4113 496 4180 anapia)
516 4109 597 4174 Mat
618 4109 724 4181 quando
745 4109 877 4179 R³uulqo
940 4113 975 4165 20
995 4116 1023 4165 et
1041 4109 1220 4165 tramittenda
1237 4110 1279 4170 M.
1300 4115 1375 4164 extra
1391 4113 1457 4164 mit-

310 4202 394 4254 tenda
416 4199 465 4264 R1,
488 4199 666 4253 tramittenda
688 4198 729 4253 13³
738 4199 823 4268 uulpo
913 4201 948 4253 22
971 4201 1019 4268 qni
1041 4200 1143 4252 totiens
1165 4197 1213 4265 12³,
1236 4200 1365 4269 quotiens
1382 4197 1456 4253 affl

311 4290 345 4342 22
363 4288 533 4356 probauerim
552 4287 600 4352 R³,
620 4287 716 4358 probat
735 4305 799 4341 uera
817 4289 892 4343 MR¹
945 4289 980 4342 25
998 4290 1053 4342 ista
1072 4286 1172 4340 addidi
