3250 4959
359 328 423 393 222
590 324 708 389 Quinti
727 322 869 393 Septimi
888 322 1059 377 Florentia
1078 320 1283 376 Tertulliani

357 519 439 584 illud
470 518 570 583 inisse
603 518 688 600 quod
719 536 742 581 s
780 517 974 601 pronuntiat,
1007 522 1040 581 et
1072 517 1183 581 deinde
1217 537 1253 582 ex
1284 517 1341 581 illa
1373 518 1505 583 monade

358 628 431 705 duo,
469 645 506 690 ae
538 625 650 690 deinde
682 626 824 707 reliquos
857 626 990 689 deonas.
1045 624 1157 689 deinde
1190 622 1365 690 introducit
1400 628 1504 689 totum

358 733 574 797 Valentinum.

402 842 431 904 5.
453 840 526 904 Non
555 839 723 904 defuerunt
750 842 826 922 post
851 839 912 904 hoe
935 839 1062 903 Marcus
1092 838 1220 920 quidam
1249 840 1281 902 et
1305 837 1504 910 Colarbaeus,

355 967 470 1012 nouam
491 947 647 1012 haeresim
671 967 708 1011 ex
728 945 920 1011 Graecorum
942 947 1110 1030 alphabeto
1132 948 1367 1027 componentes.
1389 948 1505 1028 negant
1528 966 1537 999 ⁵

357 1054 440 1118 enim
463 1054 632 1118 ueritatem
657 1054 725 1118 sine
748 1054 821 1118 istis
845 1072 940 1137 posse
963 1052 1080 1116 litteris
1104 1052 1252 1127 inueniri,
1280 1052 1378 1116 immo
1405 1055 1504 1116 totam

355 1161 586 1243 plenitudinem
615 1163 648 1225 et
673 1160 901 1243 perfectionem
935 1158 1082 1224 ueritatis
1116 1158 1147 1223 in
1180 1159 1254 1225 istis
1287 1158 1403 1223 litteris
1437 1177 1504 1222 esse

355 1268 555 1350 dispositam.
578 1271 706 1349 propter
731 1267 811 1331 hano
837 1266 921 1331 enim
941 1284 1071 1331 causam
1092 1264 1257 1331 Christum
1277 1265 1409 1331 dixisse:
1435 1284 1503 1348 ego

356 1395 442 1439 sum
460 1374 489 1438 Α
513 1380 552 1439 et
570 1372 605 1437 Ω.
625 1375 760 1457 denique
779 1374 843 1457 (in)
861 1374 969 1438 Iesum
989 1372 1153 1438 Christum
1173 1372 1386 1451 descendisse,
1406 1372 1439 1436 id
1459 1383 1504 1437 est

354 1482 536 1548 columbam
558 1481 591 1544 in
614 1482 722 1546 Iesum
745 1481 884 1555 uenisse,
909 1498 989 1563 qnae
1015 1478 1135 1545 Graeco
1158 1480 1285 1545 nomine
1310 1499 1383 1545 cunr
1406 1499 1527 1563 repra-1

353 1586 426 1671 repat
450 1588 672 1671 pronuntietur
699 1588 815 1653 hebere
844 1606 952 1652 secum
976 1587 1061 1651 hune
1091 1606 1259 1652 numerum
1287 1590 1409 1651 occul
1438 1604 1504 1669 per-

356 1698 488 1760 eun'unt
520 1695 576 1760 isti
605 1690 641 1769 Ω,
670 1690 714 1770 Ψ,
743 1691 782 1771 Χ,
812 1690 855 1769 Φ,
885 1694 923 1773 Υ,
953 1688 988 1771 Τ,
1017 1697 1123 1759 totum
1153 1713 1254 1776 usque
1289 1693 1328 1758 ad
1351 1689 1388 1771 B,
1417 1694 1447 1757 A
1474 1698 1503 1755 et

353 1806 540 1885 computant
571 1801 732 1886 ogdoadas
763 1806 796 1865 et
833 1801 969 1865 decadas
1001 1802 1057 1878 ita,
1090 1802 1201 1865 afferre
1233 1801 1362 1865 illorum
1396 1819 1501 1866 omues

352 1908 511 1972 ueritates
534 1911 572 1972 ut
594 1908 737 1990 ineptum
763 1907 807 1971 sit
830 1910 863 1971 et
885 1908 1035 1972 otiosum.
1060 1908 1146 1989 quod
1170 1912 1274 1971 tamen
1299 1926 1360 1971 nou
1381 1910 1500 1973 tantum
1590 1990 1591 1993 Ἴ

350 2016 416 2078 iam
439 2033 569 2093 uanum,
594 2012 651 2078 sed
674 2013 771 2077 etiam
790 2013 1008 2095 periculosum
1028 2014 1085 2078 sit:
1111 2015 1247 2077 alterurn
1267 2014 1361 2079 deum
1381 2014 1501 2099 lingunt
1517 2030 1536 2069 u

351 2125 476 2203 praeter
493 2125 675 2185 creatorem.
700 2118 864 2184 Christum
883 2120 914 2182 in
935 2119 1116 2185 substantia
1135 2125 1252 2204 negant
1271 2120 1375 2185 carnis
1394 2122 1501 2186 fnisse.

352 2234 470 2310 negant
492 2227 593 2291 earnis
616 2228 880 2291 resurrectionem
904 2228 1054 2293 futuram.

398 2337 428 2399 6.
461 2334 596 2399 Accedit
621 2334 671 2399 his
702 2333 824 2399 Cerdon
855 2334 994 2416 quidam.
1023 2335 1075 2400 hic
1108 2334 1284 2399 introducit
1311 2334 1402 2399 initia
1430 2334 1500 2411 duo,
1591 2332 1592 2335 ’

352 2440 387 2505 id
415 2443 465 2505 est
488 2440 567 2505 duos
597 2441 684 2519 deos,
713 2460 813 2505 uuum
841 2441 960 2505 bonum
989 2444 1021 2505 et
1048 2441 1183 2506 alterum
1212 2460 1356 2519 saeuum,
1385 2442 1499 2506 bonnm

351 2548 557 2631 superiorem,
591 2568 722 2613 saeuum
756 2547 841 2612 hunc
875 2548 986 2612 mundi
1019 2552 1202 2613 creatorem.
1234 2547 1287 2611 hic
1318 2547 1535 2631 prophetissa·

351 2657 384 2718 et
419 2654 525 2737 legem
561 2653 719 2737 repudiat,
762 2653 820 2719 deo
859 2654 992 2719 creatori
1029 2653 1200 2732 renuntiat,
1241 2653 1417 2736 superioris
1453 2652 1500 2717 dei
1592 2676 1593 2695 1

350 2761 453 2825 filium
487 2760 649 2825 Christum
680 2761 808 2825 uenisse
846 2764 972 2835 tractat,
1007 2761 1091 2826 huuc
1122 2760 1152 2825 in
1186 2760 1368 2825 substantia
1401 2760 1499 2825 carme

350 2870 456 2949 negat,
494 2868 526 2930 in
563 2866 785 2949 phantasmate
819 2868 886 2931 solo
922 2868 1022 2932 fuisse
1055 2867 1247 2951 pronuntiat,
1282 2884 1341 2931 nec
1374 2867 1498 2931 omnino

350 2992 491 3056 passum,
518 2974 572 3037 sed
593 2974 683 3055 quasi
703 2993 845 3054 passum,
869 2993 927 3038 neo
947 2993 982 3038 er
1001 2975 1124 3057 uirgine
1148 2976 1270 3050 natum,
1294 2972 1351 3039 sed
1375 2974 1497 3038 omuino

348 3098 406 3143 nee
426 3083 545 3143 natum.
565 3080 828 3145 resurrectionem
845 3081 968 3144 animae
984 3080 1203 3145 tantummodo
1217 3080 1341 3162 probat,
1362 3079 1497 3163 corporis
1513 3096 1534 3133 a

348 3190 452 3270 negat.
493 3185 596 3250 solum
631 3186 834 3270 euangelium
867 3187 970 3251 Lucae
1012 3205 1070 3250 nec
1102 3191 1207 3251 tamen
1241 3190 1347 3251 totum
1379 3186 1498 3269 recipit

440 3325 468 3394 8]
487 3328 570 3396 Apoe.
591 3327 615 3390 1,
634 3326 659 3379 8.
716 3326 847 3393 18-223,
866 3326 895 3395 2]
917 3325 950 3380 cl.
969 3326 1040 3383 Iren.
1059 3326 1072 3379 1
1091 3327 1134 3393 27,
1151 3328 1176 3380 l.

384 3433 396 3485 l
416 3432 595 3499 (dominum)
611 3433 770 3499 pronuntiat
787 3433 812 3485 1.
828 3432 871 3485 M.
885 3432 981 3486 Boseth
997 3439 1040 3491 (cx
1054 3432 1218 3499 Plrilustro),
1236 3432 1285 3487 aad
1302 3434 1337 3501 cs.
1352 3432 1495 3501 Epiphun.

347 3527 394 3583 36,
409 3526 444 3576 2:
461 3518 631 3589 ἄνθρωπον
651 3520 678 3571 δὲ
698 3520 791 3590 pu'rarr
810 3516 876 3572 εἶναι
894 3522 938 3573 τὸν
958 3517 1012 3572 ἅνω
1032 3528 1084 3573 τῶν
1099 3521 1168 3573 ’ὅλων
1187 3520 1295 3590 πατέρα,
1309 3518 1339 3573 ὃν
1353 3520 1496 3575 aethnam

345 3610 538 3679 προσηγόρευσε
610 3610 659 3663 illa
677 3609 714 3664 R.
738 3610 785 3663 illo
805 3610 891 3664 PNF
947 3610 963 3662 2
988 3609 1085 3663 deinde
1105 3612 1165 3675 (oze.
1186 3610 1254 3677 loco)
1273 3609 1337 3674 ΡΝ,
1362 3609 1395 3663 de
1420 3610 1448 3663 ui
1471 3608 1499 3661 F

344 3701 443 3767 dpost
460 3698 512 3751 hoe
527 3698 589 3764 ΡΝ,
610 3699 715 3766 pesth·
733 3698 769 3764 F,
784 3700 911 3768 posthos
927 3699 1047 3767 Ruulpo
1102 3701 1119 3753 9
1140 3697 1257 3768 deniqne
1277 3724 1311 3745 =
1329 3716 1397 3753 num.
1469 3700 1495 3751 in

345 3773 460 3839 addidi:
485 3788 620 3855 intellepe:
644 3786 672 3839 in
695 3787 785 3840 Iesum
804 3787 976 3841 descendisse
996 3787 1147 3853 Christum
1171 3788 1237 3842 olim
1254 3788 1341 3842 uerba
1359 3788 1449 3841 lesuin
1469 3795 1493 3841 el

345 3874 517 3928 descendisse
540 3878 636 3942 spuria
660 3876 818 3930 dedicabam
876 3877 909 3931 10
933 3892 1003 3945 quae
1024 3876 1126 3930 Graeco
1150 3878 1260 3930 nomine
1282 3892 1337 3945 sqq.
1360 3877 1496 3947 intellepe:

344 3964 468 4018 Christus
479 3990 512 4010 ---1
524 3984 542 4015 α
551 3966 586 4035 ψ
596 3987 617 4016 ω
637 3992 670 4010 =
687 3968 751 4023 sol:
772 3966 908 4036 περιστερά
919 3992 951 4013 =
963 3968 1231 4039 801=a÷o3erpo
1243 3968 1370 4022 Cineres
1381 3992 1415 4015 =
1426 3988 1494 4037 urps·
1591 4008 1593 4021 .

344 4052 431 4119 στερά,
469 4054 499 4107 ll
517 4071 607 4107 seeum
622 4054 693 4108 hunc
708 4055 787 4109 Saul:
802 4055 950 4109 seeundum
965 4056 1052 4109 PNF
1097 4058 1128 4109 12
1145 4056 1335 4126 B‚Aaeripsi:
1348 4056 1495 4127 alphabeta

342 4139 434 4209 PNF,
457 4142 668 4212 A.B1lrnrlpo
716 4144 748 4197 13
765 4143 880 4196 decadas
895 4145 1026 4214 itaEnp:
1048 4145 1227 4201 decadas.ita
1244 4146 1327 4215 culpo
1400 4146 1495 4201 afferre
1592 4196 1593 4201 ,

341 4228 378 4292 R,
394 4229 497 4283 auferre
515 4230 604 4284 Pu‘F
654 4234 685 4285 ll
704 4235 734 4285 ut
753 4232 843 4297 PNF,
865 4238 893 4286 et
911 4234 966 4286 Iun
1020 4236 1053 4289 16
1073 4240 1245 4303 negantem.
1264 4234 1295 4287 F
