3250 4959
325 396 389 460 570
556 389 674 458 Quinti
693 389 834 459 Septimi
850 387 1022 442 Florentia
1040 385 1243 441 Tertulliani

325 587 443 653 domini
480 591 518 652 ut
554 589 788 669 persecutorem
826 583 1042 660 ecclesiarum,
1080 581 1193 646 dehinc
1229 579 1268 645 ad
1304 598 1469 662 uesperam

324 713 429 759 escam
464 692 622 771 daturum,
659 691 693 755 id
725 693 775 755 est
807 687 997 772 deuergente
1028 688 1093 752 iam
1121 691 1224 752 aetate
1252 704 1329 752 ones
1353 683 1470 751 Christi

324 801 533 866 educaturum
571 801 608 862 ut
645 797 806 862 doctorem
843 795 1018 861 nationum.
1056 814 1129 858 nam
1165 796 1198 857 et
1230 791 1337 858 Saulis
1369 793 1470 874 primo

324 907 478 992 asperitas
502 904 722 970 insectationis
747 922 823 987 erga
846 901 962 980 Dauid,
986 901 1100 966 dehinc
1118 899 1312 984 paenitentia
1329 905 1364 964 et
1381 900 1470 966 satis-

324 1013 431 1090 factio,
457 1012 538 1076 bona
559 1030 615 1094 pro
635 1011 728 1074 malis
747 1008 940 1090 recipientia,
963 1026 1025 1072 non
1045 1008 1132 1073 aliud
1150 1005 1359 1090 portendebat
1377 1025 1470 1090 quam
1496 1025 1509 1064 s

324 1119 460 1184 Paulum
488 1118 519 1182 in
545 1117 640 1184 Saule
665 1115 839 1183 secundnm
864 1116 969 1180 tribus
992 1118 1025 1178 et
1047 1115 1154 1178 lesum
1176 1114 1208 1178 in
1232 1113 1338 1178 Dauid
1362 1133 1472 1178 secuu-

325 1226 400 1291 dum
427 1223 559 1308 uirginis
584 1241 725 1288 censum.
750 1224 829 1287 haec
851 1222 1023 1306 figurarum
1049 1223 1244 1286 sacramenta
1267 1221 1295 1285 si
1323 1221 1384 1284 tibi
1412 1220 1472 1284 dia-

323 1332 452 1415 plicent,
486 1340 571 1395 certe
604 1329 686 1394 Acta
716 1329 945 1412 Apostolorum
976 1328 1062 1392 hunc
1093 1327 1173 1392 mihi
1205 1326 1347 1393 ordinem
1380 1327 1472 1392 Pauli

323 1437 528 1516 tradiderunt,
543 1455 561 1501 a
575 1439 607 1501 te
622 1453 747 1518 quoqne
763 1454 825 1501 non
842 1433 1033 1518 negandum.
1047 1433 1121 1499 inde
1137 1433 1320 1515 apostolum
1339 1433 1472 1498 ostendo

325 1547 561 1629 persecutorem
584 1561 645 1608 non
669 1542 708 1606 ab
732 1541 916 1606 hominibus
939 1559 1042 1624 neque
1065 1559 1121 1622 per
1144 1540 1317 1618 homiuem,
1339 1541 1414 1606 inde
1441 1545 1473 1605 et
1488 1559 1510 1596 ro

323 1651 384 1734 ipsi
418 1649 543 1716 credere
574 1649 717 1728 inducor,
750 1647 824 1713 inde
854 1655 888 1713 te
921 1666 940 1712 a
967 1647 1149 1712 defensione
1176 1648 1245 1713 cius
1269 1648 1393 1730 expello
1415 1667 1472 1712 nec

323 1757 420 1821 timeo
445 1756 617 1821 dicentem:
641 1761 677 1821 tn
702 1773 777 1839 ergo
802 1773 898 1839 negas
922 1754 1104 1836 apostolum
1127 1753 1285 1817 Paulum?
1308 1773 1370 1818 non
1390 1753 1472 1818 blas·

323 1863 437 1946 phemo
463 1882 558 1946 quem
582 1866 682 1929 tueor.
707 1880 797 1945 nego,
820 1863 859 1925 ut
880 1865 912 1925 te
935 1860 1068 1942 probare
1091 1859 1295 1944 compellam
1319 1879 1413 1945 nego,
1436 1865 1473 1925 ut

322 1988 428 2034 meum
445 1989 515 2034 esse
529 1969 724 2035 conuincam.
744 1971 808 2045 aut,
830 1967 859 2031 ai
877 1967 917 2031 ad
935 1971 1077 2032 nostram
1096 1966 1189 2030 fidem
1209 1971 1347 2049 spectas,
1368 1967 1471 2051 recipe

323 2097 402 2160 quae
431 2095 498 2140 eam
522 2075 658 2148 faciunt;
685 2075 712 2139 si
736 2075 775 2138 ad
798 2079 889 2138 tuam
912 2090 1079 2156 prouocas,
1107 2072 1164 2137 ede
1188 2092 1269 2156 quae
1292 2091 1363 2138 eam
1386 2089 1509 2157 prae-1⁵

323 2186 459 2249 struunt.
483 2185 539 2246 aut
562 2181 660 2264 proba
684 2200 755 2246 esse
779 2199 860 2263 quae
883 2178 986 2244 credis
1015 2182 1082 2257 aut,
1106 2179 1133 2243 ai
1156 2198 1217 2244 non
1241 2180 1369 2263 probas,
1397 2199 1471 2263 qno

324 2289 418 2355 modo
443 2287 566 2353 credis?
591 2291 646 2352 aut
669 2287 773 2368 qualis
798 2305 833 2350 es
851 2285 1006 2350 aduersus
1026 2304 1098 2350 eum
1117 2284 1258 2362 credens,
1282 2305 1384 2368 aquo
1403 2289 1470 2352 solo

323 2395 475 2478 probatur
499 2411 570 2458 esse
594 2393 679 2476 quod
707 2393 831 2458 credis?
863 2392 944 2457 habe
966 2410 1051 2456 nunc
1078 2396 1110 2456 et
1133 2391 1314 2474 apostolum
1338 2393 1377 2457 de
1401 2412 1470 2458 meo

323 2502 409 2566 sicut
431 2503 464 2566 et
483 2498 656 2578 Christum,
681 2519 774 2581 quam
798 2519 906 2564 meum
925 2499 1107 2582 apostolum
1127 2517 1222 2582 quam
1241 2503 1274 2564 et
1293 2497 1469 2565 Christum:

322 2607 424 2672 isdem
447 2610 480 2671 et
502 2606 555 2670 hic
578 2606 801 2670 dimicabimus
824 2606 928 2685 lineis,
952 2605 983 2670 in
1006 2605 1077 2688 ipso
1101 2605 1201 2690 mdo
1224 2606 1470 2688 prouocahimns
1485 2623 1510 2662 w

323 2713 594 2798 praescriptionis,
628 2717 772 2797 oportere
801 2714 925 2780 scilicet
952 2718 986 2779 et
1012 2715 1203 2797 apostolum,
1237 2715 1291 2798 qni
1320 2717 1469 2781 creatoris

323 2825 456 2904 negetur
478 2821 576 2885 immo
601 2824 633 2885 et
657 2819 810 2887 aduersus
835 2824 1008 2887 creatorem
1031 2820 1217 2905 proteratur,
1245 2821 1325 2888 nihil
1348 2823 1470 2895 docere,

322 2926 400 2992 nihil
419 2945 537 3011 sapere,
561 2927 640 2991 nihil
660 2927 744 2993 uelle
764 2927 940 2993 secundnm
959 2932 1143 3006 creatorem,
1167 2933 1200 2993 et
1217 2929 1364 3012 inprimis
1382 2934 1470 2996 tanta

324 3034 501 3098 constantia
517 3033 615 3099 alium
634 3034 729 3099 deum
749 3033 882 3112 edicere,
903 3039 1020 3116 quanta
1037 3037 1145 3119 alege
1164 3035 1314 3101 creatoris
1333 3038 1470 3120 abmpit.

322 3159 422 3223 neque
460 3141 543 3206 enim
585 3139 758 3204 uerisimile
797 3143 857 3218 est,
898 3145 937 3203 ut
973 3145 1120 3206 auertens
1159 3161 1178 3206 a
1213 3141 1377 3209 Iudaismo
1410 3163 1469 3208 non
1485 3157 1511 3198 ὃ

321 3247 436 3329 pariter
468 3246 658 3325 ostenderet,
691 3247 723 3310 in
752 3245 844 3311 cuius
873 3245 924 3310 dei
952 3245 1048 3311 fidem
1075 3251 1242 3326 auerteret,
1275 3249 1351 3331 quia
1378 3268 1470 3314 nemo

322 3353 454 3417 transire
477 3357 587 3435 posset
610 3371 628 3416 a
651 3356 790 3418 creatore
814 3353 970 3430 nesciens,
990 3354 1030 3417 ad
1049 3372 1143 3436 quem
1162 3355 1389 3421 transeundum
1409 3355 1470 3420 sihi

323 3463 416 3524 esset.
443 3459 512 3524 siue
537 3461 619 3524 enim
640 3459 786 3524 Christus
805 3459 869 3523 iam
889 3459 988 3523 alium
1008 3459 1103 3525 deum
1126 3461 1336 3535 renelauerst,
1359 3477 1470 3542 seque-

323 3565 416 3630 batur
443 3566 538 3630 etiam
568 3565 702 3648 apostoli
730 3567 871 3644 testatio,
900 3565 952 3630 uel
985 3585 1024 3630 ne
1052 3586 1114 3632 non
1138 3567 1207 3631 eins
1230 3565 1281 3630 dei
1304 3567 1470 3648 apostolus

411 3791 436 3860 a]
457 3790 490 3844 er.
510 3789 525 3844 1
544 3790 612 3845 nrm.
633 3793 656 3860 1,
679 3793 721 3845 11.
775 3793 802 3862 a]
824 3791 857 3845 cf.
876 3792 937 3846 ree.
957 3793 982 3852 9.
1005 3793 1081 3846 1-9.
1138 3791 1183 3861 ro]
1204 3791 1238 3846 er.
1256 3791 1316 3847 cn.
1337 3795 1361 3854 r,
1383 3795 1407 3849 1.

356 3933 372 3984 8
392 3931 463 3986 hunc
481 3931 593 4000 MR³G‚
613 3933 676 3987 hinc
694 3933 734 3989 R¹
788 3935 822 3988 15
841 3933 946 3988 iaciunt
963 3933 1012 3991 Ili.
1030 3932 1135 3988 faciant
1151 3933 1225 3989 MR¹
1297 3935 1321 3989 ai
1339 3935 1375 3990 ad
1393 3941 1467 3990 tuam

320 4021 367 4082 iti,
387 4021 516 4075 stutirem
536 4022 609 4076 Mle
683 4023 715 4076 ts
735 4025 764 4075 et
782 4021 935 4091 apostolum
953 4021 1036 4083 Mili,
1055 4022 1208 4092 apostolum
1226 4023 1266 4079 13¹
1356 4025 1391 4079 de
1407 4043 1468 4080 meo

319 4111 379 4165 scil.
399 4111 592 4176 ι’νωτίν-ιιηιειιεο,Ι
606 4111 729 4179 intellepe
747 4111 821 4164 Acta
836 4111 1024 4178 apostolorum
1070 4112 1103 4166 19
1118 4127 1198 4180 quam
1211 4129 1302 4166 meum
1314 4113 1398 4182 Mitt
1412 4120 1467 4169 tam

320 4214 408 4252 meum
419 4197 549 4267 Iliuulpo
565 4203 778 4267 (quam—qnam
788 4225 822 4245 =
834 4206 1019 4267 tam-qaam,
1034 4205 1066 4253 ut
1080 4201 1181 4254 assolet
1194 4200 1278 4266 Tert.)
1331 4203 1368 4256 20
1380 4201 1466 4257 isdem

320 4285 362 4352 M,
381 4285 517 4341 iisdemR
572 4288 604 4339 ¹27
626 4303 641 4340 a
660 4293 780 4340 creatore
799 4289 844 4343 Ili.
865 4287 899 4340 ad
920 4294 1068 4341 creatorem
1085 4287 1160 4343 MR²
1214 4289 1248 4342 29
1267 4291 1351 4356 nali,
1370 4293 1469 4346 uecss
