3250 4959
337 325 403 387 344
568 322 684 388 Quinti
704 323 847 394 Septimi
867 323 1037 378 Florentia
1056 324 1259 378 Tertulliani

338 521 448 594 tatem,
479 519 555 582 dum
577 524 708 583 reuocat
730 519 769 583 ab
794 521 912 594 arbore,
942 519 1017 584 dum
1039 522 1145 602 ipsum
1175 520 1480 602 circumscriptorem

293 623 316 687 O
337 628 502 691 colubrum
518 647 537 690 a
550 645 725 710 congressu
736 627 872 691 feminae
887 633 986 692 arcet:
998 623 1005 715 Ι
1016 646 1115 691 nonne
1126 629 1315 691 exclamaret
1324 626 1479 694 Marcion:

337 733 538 798 odominum
562 734 712 810 futtilem,
736 734 928 808 instabilem,
952 733 1122 810 infidelem,
1145 735 1374 799 rescindentem
1398 756 1478 818 quae

335 841 497 905 instituit?
522 862 578 906 cur
596 844 783 924 permiserat
804 841 939 906 liberum
964 842 1138 918 arbitrium,
1163 843 1190 906 si
1213 842 1400 907 intercedit?
1424 863 1479 908 cur

334 949 512 1027 intercedit,
542 951 570 1013 si
597 949 762 1033 permisit?
787 949 893 1032 eligat,
919 950 973 1013 ubi
1002 950 1210 1031 semetipsum
1239 950 1353 1014 erroris
1380 955 1475 1028 notet,
1504 969 1516 1008 s

293 1057 396 1142 0<in>
420 1057 621 1122 institutione
645 1074 682 1120 an
706 1057 737 1120 in
762 1052 1090 1142 rescissionelnonne
1111 1061 1186 1120 tuno
1204 1056 1307 1140 magis
1327 1057 1475 1140 deceptus

335 1185 371 1230 ex
393 1164 648 1247 impraescientia
670 1163 770 1228 futuri
802 1163 972 1240 uideretur,
1007 1182 1078 1228 oum
1108 1163 1306 1228 obstitisset?
1335 1172 1368 1228 et
1395 1165 1475 1247 quod

334 1273 426 1355 quasi
445 1272 604 1353 ignorans,
628 1269 786 1352 quomodo
806 1288 976 1333 euasurum
996 1273 1091 1347 esset,
1114 1269 1299 1348 indulserat,
1323 1270 1398 1353 quis
1418 1290 1474 1334 non

333 1379 472 1443 diceret?
510 1377 565 1440 sed
589 1380 622 1440 et
645 1376 673 1440 si
694 1375 887 1458 praescierat
910 1377 991 1439 male
1014 1376 1172 1440 hominem
1196 1377 1397 1442 institutione
1421 1397 1475 1441 sua

333 1504 476 1560 usurum,
511 1483 587 1565 quid
614 1488 680 1547 tam
709 1483 841 1566 dignum
869 1482 927 1546 deo
961 1501 1055 1564 quam
1087 1483 1237 1566 grauitas,
1271 1502 1365 1566 quam
1400 1485 1473 1548 fides
1491 1502 1514 1541 u

330 1591 569 1657 iost'tutionum
602 1589 902 1672 qualiumcumque?
935 1589 1071 1654 uidisset
1102 1590 1207 1668 bomo,
1245 1591 1271 1655 si
1304 1609 1365 1655 non
1398 1592 1473 1656 bene

332 1697 548 1780 dispunxisset
575 1696 659 1779 quod
683 1696 761 1760 bene
786 1700 957 1776 acceperat.
996 1697 1064 1778 ipse
1087 1696 1151 1779 legi
1174 1715 1246 1760 reus
1270 1697 1396 1774 fuisset,
1424 1701 1472 1762 cni

331 1804 465 1885 obsequi
488 1803 654 1880 noluisset,
674 1823 734 1868 non
753 1802 874 1884 (deus.)
893 1806 948 1866 aut
971 1803 1135 1886 legislator
1154 1804 1221 1886 ipse
1244 1804 1388 1868 fraudem
1410 1805 1471 1886 legi

331 1930 406 1975 suae
435 1912 562 1986 faceret,
596 1930 658 1975 oon
686 1911 817 1974 sinendo
851 1908 1079 1992 praescriptum
1113 1910 1182 1974 eius
1214 1906 1470 1998 impleri?{buec

268 2095 271 2102 Ι
330 2017 517 2102 dignissime
536 2021 739 2099 peroraturus
758 2017 789 2080 in
810 2020 992 2092 creatorem,
1017 2017 1044 2081 si
1062 2017 1160 2080 libero
1185 2016 1312 2080 arbitrio
1336 2017 1469 2082 hominis
1487 2034 1510 2076 ιε

329 2144 364 2188 ex
388 2124 588 2207 prouidentia
617 2127 648 2187 et
676 2125 826 2207 potentia,
857 2143 919 2206 qua
951 2124 1060 2207 erigis,
1091 2123 1279 2198 obstitisset,
1308 2142 1392 2188 nunc
1414 2124 1469 2187 tibi

327 2232 491 2296 insusunn
513 2251 568 2313 pro
594 2236 742 2306 creatore,
767 2235 799 2294 et
824 2230 1011 2314 grauitatem
1038 2225 1082 2315 [et
1104 2224 1299 2317 patientiam]
1326 2234 1358 2294 et
1378 2230 1469 2294 fidem

326 2339 390 2420 <ln>
413 2338 669 2403 institutionibus
694 2339 761 2402 suis
786 2339 896 2404 functo
919 2343 956 2401 ut
980 2341 1011 2400 et
1033 2336 1240 2401 rationalibus
1266 2341 1298 2401 et
1320 2338 1422 2402 bonis.

372 2447 403 2508 8.
419 2445 527 2526 Usque
543 2447 623 2509 enim
641 2447 681 2510 ad
694 2447 868 2510 uiuendum
884 2446 1082 2510 solummodo
1098 2445 1288 2528 produxerat
1301 2444 1467 2510 bominem.

325 2556 362 2616 ut
389 2571 450 2616 non
480 2553 519 2616 ad
551 2559 634 2615 recte
668 2553 851 2629 uiuendum,
875 2554 906 2617 in
931 2557 1076 2636 respectu
1101 2553 1152 2618 dei
1175 2552 1299 2616 scilicet
1325 2552 1466 2636 legisque
1483 2565 1507 2607 ὀ

326 2660 405 2724 eius
429 2660 529 2742 igitur
553 2660 660 2724 uiuere
689 2660 817 2742 quidem
840 2660 887 2724 illi
912 2661 979 2744 ipse
1002 2660 1212 2742 praestiterat,
1243 2658 1327 2722 facto
1351 2659 1383 2722 in
1406 2660 1465 2722 ani-

413 2852 458 2919 21]
479 2851 512 2904 ef.
533 2853 599 2905 Gen.
619 2853 644 2918 2,
664 2853 689 2906 7.

360 2977 511 3030 {liuttilem
524 2976 568 3039 M,
582 2977 689 3029 futilem
704 2977 825 3044 Ruulpo
880 2977 937 3029 liin
953 2975 1017 3028 odd.
1035 2975 1087 3028 Get
1158 2977 1463 3046 nounetunc-impleri

319 3066 424 3132 prioris
443 3065 572 3118 editionis
590 3065 723 3133 reliquias
741 3082 796 3118 esse
815 3081 914 3118 onisco.
933 3081 1003 3134 quoe
1022 3065 1093 3117 esaim
1112 3064 1176 3132 quis
1196 3064 1258 3118 incle
1273 3081 1292 3118 a
1305 3065 1322 3118 l.
1339 3069 1388 3119 14:
1402 3067 1463 3118 baec

323 3154 482 3224 dignissime
499 3170 555 3222 sqq.
576 3160 638 3221 apte
656 3154 787 3222 contiunpi
804 3171 863 3206 non
882 3161 999 3222 possunt
1017 3154 1073 3206 nusi
1091 3169 1149 3206 cunc
1170 3153 1216 3220 cas,
1230 3170 1301 3222 quoe
1314 3155 1358 3208 bic
1371 3155 1461 3208 bobes·

322 3259 411 3296 nonne
430 3242 593 3295 exclamaret
610 3241 731 3295 Marcion
750 3249 796 3297 etc.
816 3242 866 3294 boc
889 3242 958 3296 sutas
977 3241 1074 3295 docent
1096 3241 1182 3295 narba
1204 3245 1419 3310 peroraturus
1437 3244 1462 3296 in

322 3336 479 3399 creatorem,
502 3347 572 3399 qnae
594 3348 652 3385 non
674 3332 816 3399 quadrant
839 3331 893 3385 nisi
918 3330 957 3383 ad
979 3348 1019 3395 eu,
1044 3347 1113 3398 quac
1130 3331 1176 3384 bic
1194 3331 1274 3398 lepus:
1295 3347 1310 3383 o
1330 3331 1461 3384 dominnm

320 3422 439 3475 subtilem
467 3439 523 3490 sqq,
578 3424 594 3474 u
623 3437 673 3474 sua
694 3437 802 3474 usurum
826 3421 861 3484 R,
889 3437 1029 3474 suasurum
1052 3420 1090 3473 M
1138 3421 1170 3472 12
1195 3419 1378 3488 dispunxisset
1395 3419 1459 3489 Ru:

322 3510 486 3579 depinxisset
500 3509 582 3572 MR¹,
603 3510 777 3578 depunxisset
788 3509 828 3563 Re
901 3513 1049 3579 acceperat.
1069 3511 1126 3577 ipse
1141 3507 1212 3570 MR,
1231 3512 1379 3577 acceperat,
1396 3509 1461 3574 <ut>

320 3599 377 3667 ipse
397 3597 454 3650 Lot
528 3599 560 3651 13
580 3614 632 3651 non
650 3597 768 3666 <deus>
785 3601 833 3650 aut
850 3597 962 3664 scripsi:
981 3615 1035 3650 non
1054 3600 1086 3649 ut
1103 3597 1164 3650 MR
1238 3597 1270 3649 16
1294 3613 1348 3665 qua
1369 3595 1462 3662 scripsi

320 3685 367 3751 (cf.
392 3689 460 3751 347,
485 3689 524 3738 25
548 3703 601 3754 qua
623 3685 734 3749 uoluitlz
760 3703 826 3754 quas
850 3685 913 3739 MR
1005 3687 1037 3738 17
1062 3690 1090 3738 et
1117 3685 1278 3754 patientiam
1300 3685 1398 3738 seclusi
1419 3683 1459 3750 tos.

320 3777 387 3836 343,
406 3779 437 3827 11
456 3781 480 3827 et
498 3791 586 3843 supra
605 3775 622 3828 l.
647 3777 694 3843 10)
764 3775 796 3827 18
813 3776 882 3843 <ln>
899 3775 1118 3827 institutionibus
1142 3773 1220 3842 Eny:
1244 3772 1460 3826 institutionibus

318 3863 380 3917 MR
470 3865 502 3917 19
525 3881 610 3933 usque
633 3865 731 3931 scripsi
754 3866 799 3931 (cs.
825 3881 895 3931 qrcae
915 3865 930 3916 l.
952 3869 986 3916 21
1005 3865 1157 3931 leqnntnrt:
1180 3877 1268 3931 neque
1292 3861 1361 3924 MR,
1384 3861 1458 3914 intet-

319 3953 376 4020 teqo
396 3959 501 4006 anton:
523 3953 596 4006 deno
614 3971 670 4006 nur
687 3955 778 4007 sorceit
795 3953 872 4007 lenttc
892 3970 920 4006 cr
939 3953 990 4006 den
1003 3952 1149 4006 Menoeten
1166 3951 1210 4004 ine
1223 3949 1331 4004 Daseia
1341 3951 1459 4019 yemfen.

318 4040 377 4106 rtoss
396 4057 424 4094 cr
443 4044 519 4095 leben
537 4043 639 4096 bonate
710 4043 744 4095 20
764 4049 794 4095 ut
814 4061 867 4096 non
886 4044 942 4096 scit.
968 4042 1122 4112 produxerit
1146 4057 1207 4094 eum
1230 4057 1315 4109 usque
1339 4039 1373 4092 sd
1391 4046 1459 4092 recte

319 4130 464 4182 uiuendum
528 4131 572 4183 dei
591 4131 697 4185 scilicet
715 4130 757 4193 M,
777 4131 881 4184 scilicet
901 4131 944 4184 dci
964 4131 1083 4200 Rnnlyo
1137 4131 1168 4183 21
1192 4130 1248 4181 eius
1267 4145 1319 4181 om.
1338 4127 1368 4181 F
1421 4127 1459 4180 illi

317 4217 366 4282 12³,
386 4219 432 4272 ille
451 4219 524 4274 MR¹
597 4221 654 4288 ipse
673 4237 724 4273 om.
744 4219 773 4272 F
791 4221 870 4286 ‹sorn
889 4225 967 4285 recte]
