<?xml version="1.0" encoding="UTF-8"?>
<!DOCTYPE html PUBLIC "-//W3C//DTD XHTML 1.0 Transitional//EN"
    "http://www.w3.org/TR/xhtml1/DTD/xhtml1-transitional.dtd">
<html xmlns="http://www.w3.org/1999/xhtml" xml:lang="en" lang="en">
 <head>
  <title>
</title>
<meta http-equiv="Content-Type" content="text/html;charset=utf-8" />
  <meta name='ocr-system' content='tesseract 3.04.00' />
  <meta name='ocr-capabilities' content='ocr_page ocr_carea ocr_par ocr_line ocrx_word'/>
</head>
<body>
  <div class='ocr_page' id='page_1' title='image "./corpusscriptoru20wissgoog_0337.png"; bbox 0 0 3250 4959; ppageno 0'>
   <div class='ocr_carea' id='block_1_1' title="bbox 481 347 1284 416">
    <p class='ocr_par' dir='ltr' id='par_1_1' title="bbox 481 347 1284 416">
     <span class='ocr_line' id='line_1_1' title="bbox 481 347 1284 416; baseline 0.006 -14"><span class='ocrx_word' id='word_1_1' title='bbox 481 349 524 403; x_wconf 84' lang='lat' dir='ltr'><strong>Vl.</strong></span> <span class='ocrx_word' id='word_1_2' title='bbox 544 349 715 404; x_wconf 80' lang='lat' dir='ltr'><strong>Aduersus</strong></span> <span class='ocrx_word' id='word_1_3' title='bbox 733 347 882 404; x_wconf 81' lang='lat' dir='ltr'><strong>Praxean</strong></span> <span class='ocrx_word' id='word_1_4' title='bbox 901 347 945 404; x_wconf 80' lang='lat'><strong>24.</strong></span> <span class='ocrx_word' id='word_1_5' title='bbox 1219 351 1284 416; x_wconf 85' lang='lat'><strong>275</strong></span> 
     </span>
    </p>
   </div>
   <div class='ocr_carea' id='block_1_2' title="bbox 96 543 1290 3618">
    <p class='ocr_par' dir='ltr' id='par_1_2' title="bbox 96 543 1290 3618">
     <span class='ocr_line' id='line_1_2' title="bbox 136 543 1287 630; baseline 0 -21"><span class='ocrx_word' id='word_1_6' title='bbox 136 544 388 630; x_wconf 85' lang='lat' dir='ltr'><strong>cognouistis.</strong></span> <span class='ocrx_word' id='word_1_7' title='bbox 412 544 589 610; x_wconf 84' lang='lat' dir='ltr'><strong>secundum</strong></span> <span class='ocrx_word' id='word_1_8' title='bbox 612 544 690 608; x_wconf 92' lang='lat' dir='ltr'><strong>haec</strong></span> <span class='ocrx_word' id='word_1_9' title='bbox 713 543 798 608; x_wconf 92' lang='lat' dir='ltr'><strong>enim</strong></span> <span class='ocrx_word' id='word_1_10' title='bbox 823 543 978 608; x_wconf 89' lang='lat' dir='ltr'><strong>uicarium</strong></span> <span class='ocrx_word' id='word_1_11' title='bbox 1003 563 1038 609; x_wconf 89' lang='lat' dir='ltr'><strong>se</strong></span> <span class='ocrx_word' id='word_1_12' title='bbox 1061 543 1160 626; x_wconf 84' lang='lat' dir='ltr'><strong>patris</strong></span> <span class='ocrx_word' id='word_1_13' title='bbox 1181 548 1287 610; x_wconf 89' lang='lat' dir='ltr'><strong>osten·</strong></span> 
     </span>
     <span class='ocr_line' id='line_1_3' title="bbox 137 650 1286 735; baseline -0.001 -19"><span class='ocrx_word' id='word_1_14' title='bbox 137 652 235 731; x_wconf 86' lang='lat' dir='ltr'><strong>derat,</strong></span> <span class='ocrx_word' id='word_1_15' title='bbox 262 671 318 735; x_wconf 86' lang='lat' dir='ltr'><strong>per</strong></span> <span class='ocrx_word' id='word_1_16' title='bbox 347 671 439 733; x_wconf 87' lang='lat' dir='ltr'><strong>quem</strong></span> <span class='ocrx_word' id='word_1_17' title='bbox 468 655 558 734; x_wconf 88' lang='lat' dir='ltr'><strong>pater</strong></span> <span class='ocrx_word' id='word_1_18' title='bbox 585 655 618 715; x_wconf 89' lang='lat' dir='ltr'><strong>et</strong></span> <span class='ocrx_word' id='word_1_19' title='bbox 644 650 810 715; x_wconf 87' lang='lat' dir='ltr'><strong>uideretur</strong></span> <span class='ocrx_word' id='word_1_20' title='bbox 836 651 868 715; x_wconf 94' lang='lat' dir='ltr'><strong>in</strong></span> <span class='ocrx_word' id='word_1_21' title='bbox 892 651 987 715; x_wconf 86' lang='lat' dir='ltr'><strong>luctis</strong></span> <span class='ocrx_word' id='word_1_22' title='bbox 1012 654 1044 715; x_wconf 89' lang='lat' dir='ltr'><strong>et</strong></span> <span class='ocrx_word' id='word_1_23' title='bbox 1068 651 1231 716; x_wconf 81' lang='lat' dir='ltr'><strong>audiretur</strong></span> <span class='ocrx_word' id='word_1_24' title='bbox 1254 652 1286 715; x_wconf 93' lang='lat' dir='ltr'><strong>in</strong></span> 
     </span>
     <span class='ocr_line' id='line_1_4' title="bbox 135 757 1287 842; baseline 0 -20"><span class='ocrx_word' id='word_1_25' title='bbox 135 759 243 823; x_wconf 86' lang='lat' dir='ltr'><strong>uerbis</strong></span> <span class='ocrx_word' id='word_1_26' title='bbox 266 761 299 823; x_wconf 86' lang='lat' dir='ltr'><strong>et</strong></span> <span class='ocrx_word' id='word_1_27' title='bbox 321 761 567 842; x_wconf 81' lang='lat' dir='ltr'><strong>cognosceretur</strong></span> <span class='ocrx_word' id='word_1_28' title='bbox 589 759 620 822; x_wconf 93' lang='lat' dir='ltr'><strong>in</strong></span> <span class='ocrx_word' id='word_1_29' title='bbox 644 757 709 822; x_wconf 89' lang='lat' dir='ltr'><strong>filio</strong></span> <span class='ocrx_word' id='word_1_30' title='bbox 733 758 819 822; x_wconf 86' lang='lat' dir='ltr'><strong>lacta</strong></span> <span class='ocrx_word' id='word_1_31' title='bbox 842 761 874 822; x_wconf 91' lang='lat' dir='ltr'><strong>et</strong></span> <span class='ocrx_word' id='word_1_32' title='bbox 901 758 1000 823; x_wconf 87' lang='lat' dir='ltr'><strong>uerba</strong></span> <span class='ocrx_word' id='word_1_33' title='bbox 1026 759 1125 841; x_wconf 86' lang='lat' dir='ltr'><strong>patris</strong></span> <span class='ocrx_word' id='word_1_34' title='bbox 1155 758 1287 823; x_wconf 87' lang='lat' dir='ltr'><strong>admini-</strong></span> 
     </span>
     <span class='ocr_line' id='line_1_5' title="bbox 136 863 1285 948; baseline -0.002 -18"><span class='ocrx_word' id='word_1_35' title='bbox 136 868 265 941; x_wconf 87' lang='lat' dir='ltr'><strong>strante,</strong></span> <span class='ocrx_word' id='word_1_36' title='bbox 294 865 369 948; x_wconf 90' lang='lat' dir='ltr'><strong>qnia</strong></span> <span class='ocrx_word' id='word_1_37' title='bbox 391 864 566 930; x_wconf 91' lang='lat' dir='ltr'><strong>inuisibilis</strong></span> <span class='ocrx_word' id='word_1_38' title='bbox 595 869 694 948; x_wconf 86' lang='lat' dir='ltr'><strong>pater,</strong></span> <span class='ocrx_word' id='word_1_39' title='bbox 719 864 803 947; x_wconf 85' lang='lat' dir='ltr'><strong>qnod</strong></span> <span class='ocrx_word' id='word_1_40' title='bbox 828 867 860 929; x_wconf 89' lang='lat' dir='ltr'><strong>et</strong></span> <span class='ocrx_word' id='word_1_41' title='bbox 882 864 1051 946; x_wconf 81' lang='lat' dir='ltr'><strong>Philippus</strong></span> <span class='ocrx_word' id='word_1_42' title='bbox 1076 863 1231 930; x_wconf 82' lang='lat' dir='ltr'><strong>didicerat</strong></span> <span class='ocrx_word' id='word_1_43' title='bbox 1255 866 1285 928; x_wconf 93' lang='lat' dir='ltr'><strong>in</strong></span> 
     </span>
     <span class='ocr_line' id='line_1_6' title="bbox 107 970 1286 1056; baseline 0.003 -24"><span class='ocrx_word' id='word_1_44' title='bbox 107 971 207 1056; x_wconf 79' lang='lat' dir='ltr'><strong>alege</strong></span> <span class='ocrx_word' id='word_1_45' title='bbox 227 975 261 1036; x_wconf 91' lang='lat' dir='ltr'><strong>et</strong></span> <span class='ocrx_word' id='word_1_46' title='bbox 278 971 463 1036; x_wconf 80' lang='lat' dir='ltr'><strong>meminisse</strong></span> <span class='ocrx_word' id='word_1_47' title='bbox 487 971 654 1037; x_wconf 85' lang='lat' dir='ltr'><strong>debuerat:</strong></span> <span class='ocrx_word' id='word_1_48' title='bbox 679 971 787 1036; x_wconf 88' lang='lat' dir='ltr'><strong>deum</strong></span> <span class='ocrx_word' id='word_1_49' title='bbox 811 989 915 1036; x_wconf 88' lang='lat' dir='ltr'><strong>nemo</strong></span> <span class='ocrx_word' id='word_1_50' title='bbox 934 970 1085 1036; x_wconf 89' lang='lat' dir='ltr'><strong>uidebit</strong></span> <span class='ocrx_word' id='word_1_51' title='bbox 1108 975 1144 1036; x_wconf 89' lang='lat' dir='ltr'><strong>et</strong></span> <span class='ocrx_word' id='word_1_52' title='bbox 1166 971 1286 1036; x_wconf 91' lang='lat' dir='ltr'><strong>uiuet.</strong></span> 
     </span>
     <span class='ocr_line' id='line_1_7' title="bbox 135 1076 1286 1162; baseline -0.002 -20"><span class='ocrx_word' id='word_1_53' title='bbox 135 1083 166 1142; x_wconf 88' lang='lat' dir='ltr'><strong>ot</strong></span> <span class='ocrx_word' id='word_1_54' title='bbox 187 1079 260 1144; x_wconf 85' lang='lat' dir='ltr'><strong>ideo</strong></span> <span class='ocrx_word' id='word_1_55' title='bbox 285 1078 481 1162; x_wconf 81' lang='lat' dir='ltr'><strong>suggillatur</strong></span> <span class='ocrx_word' id='word_1_56' title='bbox 508 1081 630 1162; x_wconf 90' lang='lat' dir='ltr'><strong>patrem</strong></span> <span class='ocrx_word' id='word_1_57' title='bbox 659 1078 767 1143; x_wconf 89' lang='lat' dir='ltr'><strong>uidere</strong></span> <span class='ocrx_word' id='word_1_58' title='bbox 796 1076 978 1142; x_wconf 88' lang='lat' dir='ltr'><strong>desiderans</strong></span> <span class='ocrx_word' id='word_1_59' title='bbox 1008 1078 1099 1160; x_wconf 86' lang='lat' dir='ltr'><strong>quasi</strong></span> <span class='ocrx_word' id='word_1_60' title='bbox 1122 1077 1286 1144; x_wconf 87' lang='lat' dir='ltr'><strong>uisibilem</strong></span> 
     </span>
     <span class='ocr_line' id='line_1_8' title="bbox 135 1184 1283 1262; baseline -0.001 -12"><span class='ocrx_word' id='word_1_61' title='bbox 135 1189 166 1250; x_wconf 90' lang='lat' dir='ltr'><strong>et</strong></span> <span class='ocrx_word' id='word_1_62' title='bbox 188 1186 362 1251; x_wconf 83' lang='lat' dir='ltr'><strong>instruitur</strong></span> <span class='ocrx_word' id='word_1_63' title='bbox 389 1185 551 1250; x_wconf 88' lang='lat' dir='ltr'><strong>uisibilem</strong></span> <span class='ocrx_word' id='word_1_64' title='bbox 580 1204 653 1250; x_wconf 90' lang='lat' dir='ltr'><strong>eum</strong></span> <span class='ocrx_word' id='word_1_65' title='bbox 680 1184 712 1248; x_wconf 90' lang='lat' dir='ltr'><strong>in</strong></span> <span class='ocrx_word' id='word_1_66' title='bbox 741 1184 807 1249; x_wconf 87' lang='lat' dir='ltr'><strong>lilio</strong></span> <span class='ocrx_word' id='word_1_67' title='bbox 836 1185 904 1248; x_wconf 88' lang='lat' dir='ltr'><strong>fieri</strong></span> <span class='ocrx_word' id='word_1_68' title='bbox 933 1203 969 1248; x_wconf 86' lang='lat' dir='ltr'><strong>ex</strong></span> <span class='ocrx_word' id='word_1_69' title='bbox 1001 1185 1188 1262; x_wconf 86' lang='lat' dir='ltr'><strong>uirtutibus,</strong></span> <span class='ocrx_word' id='word_1_70' title='bbox 1222 1204 1283 1250; x_wconf 95' lang='lat' dir='ltr'><strong>non</strong></span> 
     </span>
     <span class='ocr_line' id='line_1_9' title="bbox 135 1291 1287 1376; baseline -0.001 -20"><span class='ocrx_word' id='word_1_71' title='bbox 135 1311 169 1356; x_wconf 88' lang='lat' dir='ltr'><strong>er</strong></span> <span class='ocrx_word' id='word_1_72' title='bbox 189 1311 342 1376; x_wconf 86' lang='lat' dir='ltr'><strong>personae</strong></span> <span class='ocrx_word' id='word_1_73' title='bbox 361 1291 662 1376; x_wconf 78' lang='lat' dir='ltr'><strong>repraesentatione.</strong></span> <span class='ocrx_word' id='word_1_74' title='bbox 686 1291 823 1374; x_wconf 86' lang='lat' dir='ltr'><strong>deniqne</strong></span> <span class='ocrx_word' id='word_1_75' title='bbox 843 1291 870 1354; x_wconf 91' lang='lat' dir='ltr'><strong>si</strong></span> <span class='ocrx_word' id='word_1_76' title='bbox 888 1295 1011 1374; x_wconf 88' lang='lat' dir='ltr'><strong>patrem</strong></span> <span class='ocrx_word' id='word_1_77' title='bbox 1030 1291 1166 1356; x_wconf 85' lang='lat' dir='ltr'><strong>eundem</strong></span> <span class='ocrx_word' id='word_1_78' title='bbox 1186 1291 1287 1356; x_wconf 86' lang='lat' dir='ltr'><strong>lilium</strong></span> 
     </span>
     <span class='ocr_line' id='line_1_10' title="bbox 135 1397 1288 1482; baseline 0.001 -20"><span class='ocrx_word' id='word_1_79' title='bbox 135 1400 235 1464; x_wconf 87' lang='lat' dir='ltr'><strong>uellet</strong></span> <span class='ocrx_word' id='word_1_80' title='bbox 253 1398 401 1482; x_wconf 90' lang='lat' dir='ltr'><strong>intellegi</strong></span> <span class='ocrx_word' id='word_1_81' title='bbox 418 1398 569 1464; x_wconf 85' lang='lat' dir='ltr'><strong>dicendo:</strong></span> <span class='ocrx_word' id='word_1_82' title='bbox 594 1399 658 1482; x_wconf 91' lang='lat' dir='ltr'><strong>qui</strong></span> <span class='ocrx_word' id='word_1_83' title='bbox 680 1417 736 1462; x_wconf 94' lang='lat' dir='ltr'><strong>me</strong></span> <span class='ocrx_word' id='word_1_84' title='bbox 761 1398 877 1475; x_wconf 90' lang='lat' dir='ltr'><strong>uidet,</strong></span> <span class='ocrx_word' id='word_1_85' title='bbox 901 1402 1045 1480; x_wconf 89' lang='lat' dir='ltr'><strong>patrem</strong></span> <span class='ocrx_word' id='word_1_86' title='bbox 1069 1397 1186 1474; x_wconf 87' lang='lat' dir='ltr'><strong>uidet,</strong></span> <span class='ocrx_word' id='word_1_87' title='bbox 1212 1417 1288 1480; x_wconf 90' lang='lat' dir='ltr'><strong>quo-</strong></span> 
     </span>
     <span class='ocr_line' id='line_1_11' title="bbox 97 1503 1287 1588; baseline 0 -20"><span class='ocrx_word' id='word_1_88' title='bbox 97 1505 229 1570; x_wconf 81' lang='lat' dir='ltr'><strong>umodo</strong></span> <span class='ocrx_word' id='word_1_89' title='bbox 256 1505 391 1569; x_wconf 86' lang='lat' dir='ltr'><strong>subicit:</strong></span> <span class='ocrx_word' id='word_1_90' title='bbox 410 1524 480 1569; x_wconf 92' lang='lat' dir='ltr'><strong>non</strong></span> <span class='ocrx_word' id='word_1_91' title='bbox 506 1504 641 1583; x_wconf 86' lang='lat' dir='ltr'><strong>credis,</strong></span> <span class='ocrx_word' id='word_1_92' title='bbox 666 1503 753 1588; x_wconf 88' lang='lat' dir='ltr'><strong>quia</strong></span> <span class='ocrx_word' id='word_1_93' title='bbox 776 1523 847 1588; x_wconf 88' lang='lat' dir='ltr'><strong>ego</strong></span> <span class='ocrx_word' id='word_1_94' title='bbox 871 1503 908 1568; x_wconf 92' lang='lat' dir='ltr'><strong>in</strong></span> <span class='ocrx_word' id='word_1_95' title='bbox 932 1508 1039 1588; x_wconf 86' lang='lat' dir='ltr'><strong>patre</strong></span> <span class='ocrx_word' id='word_1_96' title='bbox 1062 1507 1099 1569; x_wconf 89' lang='lat' dir='ltr'><strong>et</strong></span> <span class='ocrx_word' id='word_1_97' title='bbox 1122 1508 1228 1588; x_wconf 89' lang='lat' dir='ltr'><strong>pater</strong></span> <span class='ocrx_word' id='word_1_98' title='bbox 1251 1505 1287 1568; x_wconf 92' lang='lat' dir='ltr'><strong>in</strong></span> 
     </span>
     <span class='ocr_line' id='line_1_12' title="bbox 133 1610 1286 1695; baseline 0 -20"><span class='ocrx_word' id='word_1_99' title='bbox 133 1616 209 1676; x_wconf 83' lang='lat' dir='ltr'><strong>me?</strong></span> <span class='ocrx_word' id='word_1_100' title='bbox 239 1612 393 1676; x_wconf 85' lang='lat' dir='ltr'><strong>debuerat</strong></span> <span class='ocrx_word' id='word_1_101' title='bbox 420 1612 504 1676; x_wconf 94' lang='lat' dir='ltr'><strong>enim</strong></span> <span class='ocrx_word' id='word_1_102' title='bbox 533 1611 750 1676; x_wconf 85' lang='lat' dir='ltr'><strong>subinnrisse:</strong></span> <span class='ocrx_word' id='word_1_103' title='bbox 775 1617 846 1676; x_wconf 86' lang='lat' dir='ltr'><strong>‘non</strong></span> <span class='ocrx_word' id='word_1_104' title='bbox 879 1610 992 1686; x_wconf 85' lang='lat' dir='ltr'><strong>credis,</strong></span> <span class='ocrx_word' id='word_1_105' title='bbox 1024 1612 1099 1694; x_wconf 83' lang='lat' dir='ltr'><strong>quia</strong></span> <span class='ocrx_word' id='word_1_106' title='bbox 1127 1630 1186 1695; x_wconf 89' lang='lat' dir='ltr'><strong>ego</strong></span> <span class='ocrx_word' id='word_1_107' title='bbox 1216 1631 1286 1676; x_wconf 85' lang='lat' dir='ltr'><strong>aum</strong></span> 
     </span>
     <span class='ocr_line' id='line_1_13' title="bbox 134 1718 1286 1804; baseline 0 -23"><span class='ocrx_word' id='word_1_108' title='bbox 134 1720 247 1799; x_wconf 81' lang='lat' dir='ltr'><strong>pater?</strong></span> <span class='ocrx_word' id='word_1_109' title='bbox 275 1721 332 1782; x_wconf 90' lang='lat' dir='ltr'><strong>aut</strong></span> <span class='ocrx_word' id='word_1_110' title='bbox 360 1738 421 1800; x_wconf 88' lang='lat' dir='ltr'><strong>quo</strong></span> <span class='ocrx_word' id='word_1_111' title='bbox 450 1719 664 1804; x_wconf 80' lang='lat' dir='ltr'><strong>exaggerauit,</strong></span> <span class='ocrx_word' id='word_1_112' title='bbox 694 1719 722 1782; x_wconf 84' lang='lat' dir='ltr'><strong>si</strong></span> <span class='ocrx_word' id='word_1_113' title='bbox 749 1737 810 1782; x_wconf 95' lang='lat' dir='ltr'><strong>non</strong></span> <span class='ocrx_word' id='word_1_114' title='bbox 834 1718 916 1782; x_wconf 90' lang='lat' dir='ltr'><strong>illud</strong></span> <span class='ocrx_word' id='word_1_115' title='bbox 943 1719 1174 1796; x_wconf 80' lang='lat' dir='ltr'><strong>manifestarit,</strong></span> <span class='ocrx_word' id='word_1_116' title='bbox 1200 1718 1286 1801; x_wconf 85' lang='lat' dir='ltr'><strong>quod</strong></span> 
     </span>
     <span class='ocr_line' id='line_1_14' title="bbox 136 1825 1287 1910; baseline 0.002 -22"><span class='ocrx_word' id='word_1_117' title='bbox 136 1825 286 1890; x_wconf 86' lang='lat' dir='ltr'><strong>noluerat</strong></span> <span class='ocrx_word' id='word_1_118' title='bbox 307 1825 460 1910; x_wconf 88' lang='lat' dir='ltr'><strong>intellegi,</strong></span> <span class='ocrx_word' id='word_1_119' title='bbox 486 1845 520 1890; x_wconf 91' lang='lat' dir='ltr'><strong>se</strong></span> <span class='ocrx_word' id='word_1_120' title='bbox 545 1825 671 1890; x_wconf 89' lang='lat' dir='ltr'><strong>scilicet</strong></span> <span class='ocrx_word' id='word_1_121' title='bbox 691 1825 796 1889; x_wconf 88' lang='lat' dir='ltr'><strong>filium</strong></span> <span class='ocrx_word' id='word_1_122' title='bbox 817 1827 908 1889; x_wconf 85' lang='lat' dir='ltr'><strong>esse?</strong></span> <span class='ocrx_word' id='word_1_123' title='bbox 932 1843 1023 1908; x_wconf 90' lang='lat' dir='ltr'><strong>porro</strong></span> <span class='ocrx_word' id='word_1_124' title='bbox 1044 1825 1192 1890; x_wconf 88' lang='lat' dir='ltr'><strong>dicendo:</strong></span> <span class='ocrx_word' id='word_1_125' title='bbox 1218 1845 1287 1891; x_wconf 94' lang='lat' dir='ltr'><strong>non</strong></span> 
     </span>
     <span class='ocr_line' id='line_1_15' title="bbox 137 1931 1288 2018; baseline 0.001 -23"><span class='ocrx_word' id='word_1_126' title='bbox 137 1931 273 2006; x_wconf 74' lang='lat' dir='ltr'><strong>credis,</strong></span> <span class='ocrx_word' id='word_1_127' title='bbox 313 1933 402 2015; x_wconf 87' lang='lat' dir='ltr'><strong>quia</strong></span> <span class='ocrx_word' id='word_1_128' title='bbox 438 1951 506 2018; x_wconf 91' lang='lat' dir='ltr'><strong>ego</strong></span> <span class='ocrx_word' id='word_1_129' title='bbox 544 1933 580 1997; x_wconf 93' lang='lat' dir='ltr'><strong>in</strong></span> <span class='ocrx_word' id='word_1_130' title='bbox 618 1935 723 2016; x_wconf 87' lang='lat' dir='ltr'><strong>patre</strong></span> <span class='ocrx_word' id='word_1_131' title='bbox 755 1937 792 1997; x_wconf 92' lang='lat' dir='ltr'><strong>et</strong></span> <span class='ocrx_word' id='word_1_132' title='bbox 819 1935 927 2014; x_wconf 89' lang='lat' dir='ltr'><strong>pater</strong></span> <span class='ocrx_word' id='word_1_133' title='bbox 958 1932 994 1996; x_wconf 92' lang='lat' dir='ltr'><strong>in</strong></span> <span class='ocrx_word' id='word_1_134' title='bbox 1027 1951 1092 2011; x_wconf 89' lang='lat' dir='ltr'><strong>me,</strong></span> <span class='ocrx_word' id='word_1_135' title='bbox 1121 1936 1288 2016; x_wconf 84' lang='lat' dir='ltr'><strong>propterea</strong></span> 
     </span>
     <span class='ocr_line' id='line_1_16' title="bbox 96 2038 1290 2124; baseline 0.002 -22"><span class='ocrx_word' id='word_1_136' title='bbox 96 2053 118 2091; x_wconf 81' lang='lat'><strong>¹⁵</strong></span> <span class='ocrx_word' id='word_1_137' title='bbox 136 2039 246 2118; x_wconf 89' lang='lat' dir='ltr'><strong>potius</strong></span> <span class='ocrx_word' id='word_1_138' title='bbox 285 2040 499 2124; x_wconf 81' lang='lat' dir='ltr'><strong>exaggeranit,</strong></span> <span class='ocrx_word' id='word_1_139' title='bbox 537 2059 588 2116; x_wconf 90' lang='lat' dir='ltr'><strong>ne,</strong></span> <span class='ocrx_word' id='word_1_140' title='bbox 626 2039 700 2122; x_wconf 88' lang='lat' dir='ltr'><strong>quia</strong></span> <span class='ocrx_word' id='word_1_141' title='bbox 736 2038 872 2103; x_wconf 85' lang='lat' dir='ltr'><strong>dixerat:</strong></span> <span class='ocrx_word' id='word_1_142' title='bbox 915 2039 978 2121; x_wconf 91' lang='lat' dir='ltr'><strong>qui</strong></span> <span class='ocrx_word' id='word_1_143' title='bbox 1015 2058 1071 2103; x_wconf 89' lang='lat' dir='ltr'><strong>me</strong></span> <span class='ocrx_word' id='word_1_144' title='bbox 1116 2038 1216 2103; x_wconf 87' lang='lat' dir='ltr'><strong>uidit</strong></span> <span class='ocrx_word' id='word_1_145' title='bbox 1253 2042 1290 2104; x_wconf 89' lang='lat' dir='ltr'><strong>et</strong></span> 
     </span>
     <span class='ocr_line' id='line_1_17' title="bbox 139 2144 1289 2230; baseline 0.002 -22"><span class='ocrx_word' id='word_1_146' title='bbox 139 2150 285 2226; x_wconf 85' lang='lat' dir='ltr'><strong>patrem</strong></span> <span class='ocrx_word' id='word_1_147' title='bbox 309 2144 418 2223; x_wconf 84' lang='lat' dir='ltr'><strong>uidit,</strong></span> <span class='ocrx_word' id='word_1_148' title='bbox 441 2151 531 2230; x_wconf 89' lang='lat' dir='ltr'><strong>pater</strong></span> <span class='ocrx_word' id='word_1_149' title='bbox 553 2145 796 2222; x_wconf 84' lang='lat' dir='ltr'><strong>existimaretur,</strong></span> <span class='ocrx_word' id='word_1_150' title='bbox 817 2145 901 2228; x_wconf 87' lang='lat' dir='ltr'><strong>qnod</strong></span> <span class='ocrx_word' id='word_1_151' title='bbox 924 2164 1098 2228; x_wconf 79' lang='lat' dir='ltr'><strong>numquam</strong></span> <span class='ocrx_word' id='word_1_152' title='bbox 1122 2165 1155 2210; x_wconf 89' lang='lat' dir='ltr'><strong>se</strong></span> <span class='ocrx_word' id='word_1_153' title='bbox 1180 2146 1289 2212; x_wconf 87' lang='lat' dir='ltr'><strong>existi·</strong></span> 
     </span>
     <span class='ocr_line' id='line_1_18' title="bbox 140 2250 1288 2336; baseline 0.002 -22"><span class='ocrx_word' id='word_1_154' title='bbox 140 2251 217 2315; x_wconf 90' lang='lat' dir='ltr'><strong>mari</strong></span> <span class='ocrx_word' id='word_1_155' title='bbox 241 2250 358 2328; x_wconf 83' lang='lat' dir='ltr'><strong>noluit,</strong></span> <span class='ocrx_word' id='word_1_156' title='bbox 382 2253 435 2334; x_wconf 88' lang='lat' dir='ltr'><strong>qui</strong></span> <span class='ocrx_word' id='word_1_157' title='bbox 459 2271 586 2333; x_wconf 89' lang='lat' dir='ltr'><strong>semper</strong></span> <span class='ocrx_word' id='word_1_158' title='bbox 609 2271 643 2316; x_wconf 90' lang='lat' dir='ltr'><strong>se</strong></span> <span class='ocrx_word' id='word_1_159' title='bbox 671 2252 773 2316; x_wconf 88' lang='lat' dir='ltr'><strong>filium</strong></span> <span class='ocrx_word' id='word_1_160' title='bbox 803 2257 836 2316; x_wconf 90' lang='lat' dir='ltr'><strong>et</strong></span> <span class='ocrx_word' id='word_1_161' title='bbox 859 2271 877 2316; x_wconf 89' lang='lat' dir='ltr'><strong>a</strong></span> <span class='ocrx_word' id='word_1_162' title='bbox 898 2257 988 2336; x_wconf 88' lang='lat' dir='ltr'><strong>patre</strong></span> <span class='ocrx_word' id='word_1_163' title='bbox 1012 2253 1138 2318; x_wconf 86' lang='lat' dir='ltr'><strong>uenisse</strong></span> <span class='ocrx_word' id='word_1_164' title='bbox 1162 2253 1288 2335; x_wconf 86' lang='lat' dir='ltr'><strong>prolite-</strong></span> 
     </span>
     <span class='ocr_line' id='line_1_19' title="bbox 139 2358 1288 2442; baseline 0.002 -20"><span class='ocrx_word' id='word_1_165' title='bbox 139 2359 242 2423; x_wconf 85' lang='lat' dir='ltr'><strong>batur.</strong></span> <span class='ocrx_word' id='word_1_166' title='bbox 266 2359 367 2442; x_wconf 83' lang='lat' dir='ltr'><strong>igitur</strong></span> <span class='ocrx_word' id='word_1_167' title='bbox 385 2361 418 2423; x_wconf 92' lang='lat' dir='ltr'><strong>et</strong></span> <span class='ocrx_word' id='word_1_168' title='bbox 436 2359 638 2423; x_wconf 86' lang='lat' dir='ltr'><strong>manifestam</strong></span> <span class='ocrx_word' id='word_1_169' title='bbox 660 2358 738 2423; x_wconf 84' lang='lat' dir='ltr'><strong>lecit</strong></span> <span class='ocrx_word' id='word_1_170' title='bbox 756 2358 891 2424; x_wconf 88' lang='lat' dir='ltr'><strong>duarum</strong></span> <span class='ocrx_word' id='word_1_171' title='bbox 910 2378 1117 2442; x_wconf 88' lang='lat' dir='ltr'><strong>personarum</strong></span> <span class='ocrx_word' id='word_1_172' title='bbox 1141 2360 1288 2424; x_wconf 89' lang='lat' dir='ltr'><strong>coniunc-</strong></span> 
     </span>
     <span class='ocr_line' id='line_1_20' title="bbox 139 2465 1288 2550; baseline 0.003 -22"><span class='ocrx_word' id='word_1_173' title='bbox 139 2466 271 2536; x_wconf 87' lang='lat' dir='ltr'><strong>tionem,</strong></span> <span class='ocrx_word' id='word_1_174' title='bbox 290 2484 329 2529; x_wconf 91' lang='lat' dir='ltr'><strong>ne</strong></span> <span class='ocrx_word' id='word_1_175' title='bbox 347 2469 437 2546; x_wconf 91' lang='lat' dir='ltr'><strong>pater</strong></span> <span class='ocrx_word' id='word_1_176' title='bbox 455 2485 598 2531; x_wconf 88' lang='lat' dir='ltr'><strong>seorsum</strong></span> <span class='ocrx_word' id='word_1_177' title='bbox 618 2466 709 2548; x_wconf 87' lang='lat' dir='ltr'><strong>quasi</strong></span> <span class='ocrx_word' id='word_1_178' title='bbox 728 2465 869 2530; x_wconf 87' lang='lat' dir='ltr'><strong>nisibilis</strong></span> <span class='ocrx_word' id='word_1_179' title='bbox 887 2465 920 2529; x_wconf 91' lang='lat' dir='ltr'><strong>in</strong></span> <span class='ocrx_word' id='word_1_180' title='bbox 939 2469 1111 2550; x_wconf 85' lang='lat' dir='ltr'><strong>conspectu</strong></span> <span class='ocrx_word' id='word_1_181' title='bbox 1132 2466 1288 2531; x_wconf 88' lang='lat' dir='ltr'><strong>desidera·</strong></span> 
     </span>
     <span class='ocr_line' id='line_1_21' title="bbox 99 2571 1287 2654; baseline 0.004 -21"><span class='ocrx_word' id='word_1_182' title='bbox 99 2585 123 2626; x_wconf 83' lang='lat' dir='ltr'><strong>ro</strong></span> <span class='ocrx_word' id='word_1_183' title='bbox 139 2575 234 2648; x_wconf 88' lang='lat' dir='ltr'><strong>retur,</strong></span> <span class='ocrx_word' id='word_1_184' title='bbox 256 2574 289 2636; x_wconf 90' lang='lat' dir='ltr'><strong>et</strong></span> <span class='ocrx_word' id='word_1_185' title='bbox 302 2575 340 2636; x_wconf 91' lang='lat' dir='ltr'><strong>ut</strong></span> <span class='ocrx_word' id='word_1_186' title='bbox 353 2571 438 2635; x_wconf 88' lang='lat' dir='ltr'><strong>filius</strong></span> <span class='ocrx_word' id='word_1_187' title='bbox 452 2575 705 2653; x_wconf 84' lang='lat' dir='ltr'><strong>repraesentator</strong></span> <span class='ocrx_word' id='word_1_188' title='bbox 718 2573 818 2654; x_wconf 87' lang='lat' dir='ltr'><strong>patris</strong></span> <span class='ocrx_word' id='word_1_189' title='bbox 834 2572 1013 2647; x_wconf 81' lang='lat' dir='ltr'><strong>haberetur,</strong></span> <span class='ocrx_word' id='word_1_190' title='bbox 1033 2575 1066 2636; x_wconf 89' lang='lat' dir='ltr'><strong>ot</strong></span> <span class='ocrx_word' id='word_1_191' title='bbox 1081 2572 1287 2638; x_wconf 85' lang='lat' dir='ltr'><strong>nihilominus</strong></span> 
     </span>
     <span class='ocr_line' id='line_1_22' title="bbox 140 2677 1288 2762; baseline 0.005 -23"><span class='ocrx_word' id='word_1_192' title='bbox 140 2677 198 2741; x_wconf 87' lang='lat' dir='ltr'><strong>hoo</strong></span> <span class='ocrx_word' id='word_1_193' title='bbox 221 2696 351 2761; x_wconf 90' lang='lat' dir='ltr'><strong>quoque</strong></span> <span class='ocrx_word' id='word_1_194' title='bbox 373 2677 599 2762; x_wconf 89' lang='lat' dir='ltr'><strong>interpretatus</strong></span> <span class='ocrx_word' id='word_1_195' title='bbox 624 2682 683 2756; x_wconf 89' lang='lat' dir='ltr'><strong>est,</strong></span> <span class='ocrx_word' id='word_1_196' title='bbox 709 2677 867 2760; x_wconf 84' lang='lat' dir='ltr'><strong>quomodo</strong></span> <span class='ocrx_word' id='word_1_197' title='bbox 891 2683 981 2762; x_wconf 84' lang='lat' dir='ltr'><strong>pater</strong></span> <span class='ocrx_word' id='word_1_198' title='bbox 1005 2683 1092 2744; x_wconf 89' lang='lat' dir='ltr'><strong>esset</strong></span> <span class='ocrx_word' id='word_1_199' title='bbox 1109 2680 1141 2742; x_wconf 91' lang='lat' dir='ltr'><strong>in</strong></span> <span class='ocrx_word' id='word_1_200' title='bbox 1166 2679 1232 2743; x_wconf 88' lang='lat' dir='ltr'><strong>filio</strong></span> <span class='ocrx_word' id='word_1_201' title='bbox 1257 2684 1288 2745; x_wconf 87' lang='lat' dir='ltr'><strong>et</strong></span> 
     </span>
     <span class='ocr_line' id='line_1_23' title="bbox 139 2783 1288 2870; baseline 0.003 -24"><span class='ocrx_word' id='word_1_202' title='bbox 139 2783 224 2849; x_wconf 86' lang='lat' dir='ltr'><strong>filius</strong></span> <span class='ocrx_word' id='word_1_203' title='bbox 245 2784 400 2866; x_wconf 79' lang='lat' dir='ltr'><strong>inpetro:</strong></span> <span class='ocrx_word' id='word_1_204' title='bbox 425 2784 550 2860; x_wconf 88' lang='lat' dir='ltr'><strong>uerba,</strong></span> <span class='ocrx_word' id='word_1_205' title='bbox 574 2785 688 2867; x_wconf 85' lang='lat' dir='ltr'><strong>inquit,</strong></span> <span class='ocrx_word' id='word_1_206' title='bbox 713 2803 806 2868; x_wconf 88' lang='lat' dir='ltr'><strong>quae</strong></span> <span class='ocrx_word' id='word_1_207' title='bbox 827 2804 894 2870; x_wconf 91' lang='lat' dir='ltr'><strong>ego</strong></span> <span class='ocrx_word' id='word_1_208' title='bbox 914 2785 1048 2867; x_wconf 90' lang='lat' dir='ltr'><strong>loquor</strong></span> <span class='ocrx_word' id='word_1_209' title='bbox 1070 2786 1193 2863; x_wconf 87' lang='lat' dir='ltr'><strong>uobis,</strong></span> <span class='ocrx_word' id='word_1_210' title='bbox 1218 2805 1288 2850; x_wconf 92' lang='lat' dir='ltr'><strong>non</strong></span> 
     </span>
     <span class='ocr_line' id='line_1_24' title="bbox 140 2892 1287 2976; baseline 0.003 -23"><span class='ocrx_word' id='word_1_211' title='bbox 140 2895 228 2956; x_wconf 85' lang='lat' dir='ltr'><strong>sunt</strong></span> <span class='ocrx_word' id='word_1_212' title='bbox 247 2910 336 2966; x_wconf 91' lang='lat' dir='ltr'><strong>mea,</strong></span> <span class='ocrx_word' id='word_1_213' title='bbox 352 2929 395 2938; x_wconf 89' lang='lat'><em>-</em></span> <span class='ocrx_word' id='word_1_214' title='bbox 409 2892 521 2974; x_wconf 86' lang='lat' dir='ltr'><strong>utique</strong></span> <span class='ocrx_word' id='word_1_215' title='bbox 541 2892 616 2976; x_wconf 90' lang='lat' dir='ltr'><strong>qnia</strong></span> <span class='ocrx_word' id='word_1_216' title='bbox 633 2892 734 2975; x_wconf 85' lang='lat' dir='ltr'><strong>patris</strong></span> <span class='ocrx_word' id='word_1_217' title='bbox 748 2929 791 2937; x_wconf 97' lang='lat'>—</span> <span class='ocrx_word' id='word_1_218' title='bbox 805 2895 914 2973; x_wconf 83' lang='lat' dir='ltr'><strong>pater</strong></span> <span class='ocrx_word' id='word_1_219' title='bbox 936 2893 1060 2956; x_wconf 90' lang='lat' dir='ltr'><strong>antem</strong></span> <span class='ocrx_word' id='word_1_220' title='bbox 1080 2911 1232 2956; x_wconf 90' lang='lat' dir='ltr'><strong>manens</strong></span> <span class='ocrx_word' id='word_1_221' title='bbox 1252 2893 1287 2956; x_wconf 92' lang='lat' dir='ltr'><strong>in</strong></span> 
     </span>
     <span class='ocr_line' id='line_1_25' title="bbox 140 2998 1288 3084; baseline 0.002 -23"><span class='ocrx_word' id='word_1_222' title='bbox 140 3017 193 3062; x_wconf 91' lang='lat' dir='ltr'><strong>me</strong></span> <span class='ocrx_word' id='word_1_223' title='bbox 211 2998 308 3063; x_wconf 84' lang='lat' dir='ltr'><strong>facit</strong></span> <span class='ocrx_word' id='word_1_224' title='bbox 340 3017 460 3080; x_wconf 87' lang='lat' dir='ltr'><strong>opera.</strong></span> <span class='ocrx_word' id='word_1_225' title='bbox 485 3018 541 3081; x_wconf 90' lang='lat' dir='ltr'><strong>per</strong></span> <span class='ocrx_word' id='word_1_226' title='bbox 564 3018 660 3082; x_wconf 89' lang='lat' dir='ltr'><strong>opera</strong></span> <span class='ocrx_word' id='word_1_227' title='bbox 682 3019 757 3084; x_wconf 89' lang='lat' dir='ltr'><strong>ergo</strong></span> <span class='ocrx_word' id='word_1_228' title='bbox 776 2999 935 3064; x_wconf 88' lang='lat' dir='ltr'><strong>uirtutum</strong></span> <span class='ocrx_word' id='word_1_229' title='bbox 955 3003 987 3063; x_wconf 90' lang='lat' dir='ltr'><strong>et</strong></span> <span class='ocrx_word' id='word_1_230' title='bbox 1006 2999 1103 3063; x_wconf 84' lang='lat' dir='ltr'><strong>uerba</strong></span> <span class='ocrx_word' id='word_1_231' title='bbox 1127 2999 1288 3063; x_wconf 87' lang='lat' dir='ltr'><strong>doctrinae</strong></span> 
     </span>
     <span class='ocr_line' id='line_1_26' title="bbox 99 3106 1289 3190; baseline 0.002 -22"><span class='ocrx_word' id='word_1_232' title='bbox 99 3117 123 3155; x_wconf 73' lang='lat'><strong>²⁵</strong></span> <span class='ocrx_word' id='word_1_233' title='bbox 140 3125 270 3172; x_wconf 90' lang='lat' dir='ltr'><strong>manens</strong></span> <span class='ocrx_word' id='word_1_234' title='bbox 293 3106 325 3170; x_wconf 93' lang='lat' dir='ltr'><strong>in</strong></span> <span class='ocrx_word' id='word_1_235' title='bbox 350 3106 414 3171; x_wconf 89' lang='lat' dir='ltr'><strong>filio</strong></span> <span class='ocrx_word' id='word_1_236' title='bbox 437 3111 528 3190; x_wconf 87' lang='lat' dir='ltr'><strong>pater</strong></span> <span class='ocrx_word' id='word_1_237' title='bbox 550 3126 607 3188; x_wconf 95' lang='lat' dir='ltr'><strong>per</strong></span> <span class='ocrx_word' id='word_1_238' title='bbox 630 3126 667 3171; x_wconf 90' lang='lat' dir='ltr'><strong>ea</strong></span> <span class='ocrx_word' id='word_1_239' title='bbox 689 3107 827 3187; x_wconf 88' lang='lat' dir='ltr'><strong>uidetur,</strong></span> <span class='ocrx_word' id='word_1_240' title='bbox 853 3126 911 3188; x_wconf 90' lang='lat' dir='ltr'><strong>per</strong></span> <span class='ocrx_word' id='word_1_241' title='bbox 933 3125 1012 3189; x_wconf 89' lang='lat' dir='ltr'><strong>quae</strong></span> <span class='ocrx_word' id='word_1_242' title='bbox 1036 3110 1153 3182; x_wconf 86' lang='lat' dir='ltr'><strong>manet,</strong></span> <span class='ocrx_word' id='word_1_243' title='bbox 1179 3109 1211 3170; x_wconf 90' lang='lat' dir='ltr'><strong>et</strong></span> <span class='ocrx_word' id='word_1_244' title='bbox 1233 3125 1289 3189; x_wconf 92' lang='lat' dir='ltr'><strong>per</strong></span> 
     </span>
     <span class='ocr_line' id='line_1_27' title="bbox 140 3213 1290 3297; baseline 0.002 -21"><span class='ocrx_word' id='word_1_245' title='bbox 140 3231 221 3293; x_wconf 87' lang='lat' dir='ltr'><strong>eum,</strong></span> <span class='ocrx_word' id='word_1_246' title='bbox 248 3213 279 3277; x_wconf 93' lang='lat' dir='ltr'><strong>in</strong></span> <span class='ocrx_word' id='word_1_247' title='bbox 304 3231 365 3295; x_wconf 91' lang='lat' dir='ltr'><strong>qno</strong></span> <span class='ocrx_word' id='word_1_248' title='bbox 389 3218 506 3292; x_wconf 86' lang='lat' dir='ltr'><strong>manet,</strong></span> <span class='ocrx_word' id='word_1_249' title='bbox 531 3233 568 3278; x_wconf 86' lang='lat' dir='ltr'><strong>ex</strong></span> <span class='ocrx_word' id='word_1_250' title='bbox 591 3213 652 3278; x_wconf 90' lang='lat' dir='ltr'><strong>hoc</strong></span> <span class='ocrx_word' id='word_1_251' title='bbox 675 3215 745 3297; x_wconf 93' lang='lat' dir='ltr'><strong>ipso</strong></span> <span class='ocrx_word' id='word_1_252' title='bbox 769 3216 940 3296; x_wconf 87' lang='lat' dir='ltr'><strong>apparente</strong></span> <span class='ocrx_word' id='word_1_253' title='bbox 959 3214 1151 3296; x_wconf 87' lang='lat' dir='ltr'><strong>proprietate</strong></span> <span class='ocrx_word' id='word_1_254' title='bbox 1171 3214 1290 3278; x_wconf 87' lang='lat' dir='ltr'><strong>utrius-</strong></span> 
     </span>
     <span class='ocr_line' id='line_1_28' title="bbox 141 3321 1288 3412; baseline 0 -28"><span class='ocrx_word' id='word_1_255' title='bbox 141 3339 200 3401; x_wconf 86' lang='lat' dir='ltr'><strong>que</strong></span> <span class='ocrx_word' id='word_1_256' title='bbox 222 3339 389 3403; x_wconf 89' lang='lat' dir='ltr'><strong>personao,</strong></span> <span class='ocrx_word' id='word_1_257' title='bbox 412 3321 488 3386; x_wconf 85' lang='lat' dir='ltr'><strong>dum</strong></span> <span class='ocrx_word' id='word_1_258' title='bbox 513 3321 607 3386; x_wconf 84' lang='lat' dir='ltr'><strong>dicit:</strong></span> <span class='ocrx_word' id='word_1_259' title='bbox 638 3340 704 3406; x_wconf 89' lang='lat' dir='ltr'><strong>ogo</strong></span> <span class='ocrx_word' id='word_1_260' title='bbox 734 3340 816 3386; x_wconf 89' lang='lat' dir='ltr'><strong>sum</strong></span> <span class='ocrx_word' id='word_1_261' title='bbox 846 3321 882 3384; x_wconf 90' lang='lat' dir='ltr'><strong>in</strong></span> <span class='ocrx_word' id='word_1_262' title='bbox 911 3324 1026 3403; x_wconf 87' lang='lat' dir='ltr'><strong>patre,</strong></span> <span class='ocrx_word' id='word_1_263' title='bbox 1054 3323 1091 3385; x_wconf 92' lang='lat' dir='ltr'><strong>et</strong></span> <span class='ocrx_word' id='word_1_264' title='bbox 1118 3325 1225 3412; x_wconf 70' lang='lat' dir='ltr'><strong>pater</strong></span> <span class='ocrx_word' id='word_1_265' title='bbox 1251 3321 1288 3384; x_wconf 93' lang='lat' dir='ltr'><strong>in</strong></span> 
     </span>
     <span class='ocr_line' id='line_1_29' title="bbox 139 3426 1286 3510; baseline 0.002 -22"><span class='ocrx_word' id='word_1_266' title='bbox 139 3444 200 3490; x_wconf 89' lang='lat' dir='ltr'><strong>me.</strong></span> <span class='ocrx_word' id='word_1_267' title='bbox 223 3429 322 3508; x_wconf 88' lang='lat' dir='ltr'><strong>atque</strong></span> <span class='ocrx_word' id='word_1_268' title='bbox 345 3426 439 3491; x_wconf 89' lang='lat' dir='ltr'><strong>adeo:</strong></span> <span class='ocrx_word' id='word_1_269' title='bbox 468 3428 621 3507; x_wconf 86' lang='lat' dir='ltr'><strong>credite,</strong></span> <span class='ocrx_word' id='word_1_270' title='bbox 654 3428 707 3492; x_wconf 90' lang='lat' dir='ltr'><strong>ait.</strong></span> <span class='ocrx_word' id='word_1_271' title='bbox 741 3427 839 3510; x_wconf 84' lang='lat' dir='ltr'><strong>quid?</strong></span> <span class='ocrx_word' id='word_1_272' title='bbox 873 3447 922 3491; x_wconf 90' lang='lat' dir='ltr'><strong>me</strong></span> <span class='ocrx_word' id='word_1_273' title='bbox 950 3430 1072 3509; x_wconf 88' lang='lat' dir='ltr'><strong>patrem</strong></span> <span class='ocrx_word' id='word_1_274' title='bbox 1101 3431 1193 3492; x_wconf 83' lang='lat' dir='ltr'><strong>esse?</strong></span> <span class='ocrx_word' id='word_1_275' title='bbox 1227 3446 1286 3492; x_wconf 92' lang='lat' dir='ltr'><strong>non</strong></span> 
     </span>
     <span class='ocr_line' id='line_1_30' title="bbox 139 3533 1290 3618; baseline 0 -22"><span class='ocrx_word' id='word_1_276' title='bbox 139 3537 215 3613; x_wconf 85' lang='lat' dir='ltr'><strong>puto</strong></span> <span class='ocrx_word' id='word_1_277' title='bbox 257 3533 412 3617; x_wconf 87' lang='lat' dir='ltr'><strong>scriptum</strong></span> <span class='ocrx_word' id='word_1_278' title='bbox 450 3553 530 3612; x_wconf 85' lang='lat' dir='ltr'><strong>esse,</strong></span> <span class='ocrx_word' id='word_1_279' title='bbox 570 3533 638 3598; x_wconf 87' lang='lat' dir='ltr'><strong>sed:</strong></span> <span class='ocrx_word' id='word_1_280' title='bbox 677 3534 765 3616; x_wconf 86' lang='lat' dir='ltr'><strong>quia</strong></span> <span class='ocrx_word' id='word_1_281' title='bbox 797 3553 864 3618; x_wconf 89' lang='lat' dir='ltr'><strong>ego</strong></span> <span class='ocrx_word' id='word_1_282' title='bbox 898 3534 932 3598; x_wconf 89' lang='lat' dir='ltr'><strong>in</strong></span> <span class='ocrx_word' id='word_1_283' title='bbox 966 3537 1072 3616; x_wconf 85' lang='lat' dir='ltr'><strong>patre</strong></span> <span class='ocrx_word' id='word_1_284' title='bbox 1110 3539 1145 3598; x_wconf 87' lang='lat' dir='ltr'><strong>et</strong></span> <span class='ocrx_word' id='word_1_285' title='bbox 1182 3535 1290 3616; x_wconf 87' lang='lat' dir='ltr'><strong>pater</strong></span> 
     </span>
    </p>
   </div>
   <div class='ocr_carea' id='block_1_3' title="bbox 142 3773 1287 3936">
    <p class='ocr_par' dir='ltr' id='par_1_3' title="bbox 142 3773 1287 3936">
     <span class='ocr_line' id='line_1_31' title="bbox 229 3773 1287 3847; baseline 0.004 -21"><span class='ocrx_word' id='word_1_286' title='bbox 229 3773 487 3843; x_wconf 62' lang='lat' dir='ltr'><strong>armonaaco.</strong></span> <span class='ocrx_word' id='word_1_287' title='bbox 569 3777 596 3845; x_wconf 82' lang='lat' dir='ltr'><strong>o]</strong></span> <span class='ocrx_word' id='word_1_288' title='bbox 617 3777 675 3830; x_wconf 79' lang='lat' dir='ltr'><strong>rou.</strong></span> <span class='ocrx_word' id='word_1_289' title='bbox 696 3777 738 3845; x_wconf 80' lang='lat'><strong>14,</strong></span> <span class='ocrx_word' id='word_1_290' title='bbox 756 3778 782 3832; x_wconf 86' lang='lat' dir='ltr'><strong>o.</strong></span> <span class='ocrx_word' id='word_1_291' title='bbox 858 3777 1107 3847; x_wconf 77' lang='lat' dir='ltr'><strong>1o]10h.1r,10.</strong></span> <span class='ocrx_word' id='word_1_292' title='bbox 1186 3777 1231 3846; x_wconf 88' lang='lat'><strong>13]</strong></span> <span class='ocrx_word' id='word_1_293' title='bbox 1250 3778 1287 3830; x_wconf 78' lang='lat' dir='ltr'><strong>ro.</strong></span> 
     </span>
     <span class='ocr_line' id='line_1_32' title="bbox 142 3861 943 3936; baseline 0.009 -24"><span class='ocrx_word' id='word_1_294' title='bbox 142 3861 259 3931; x_wconf 72' lang='lat' dir='ltr'><strong>‘ra-aa]</strong></span> <span class='ocrx_word' id='word_1_295' title='bbox 279 3862 317 3915; x_wconf 81' lang='lat' dir='ltr'><strong>ro.</strong></span> <span class='ocrx_word' id='word_1_296' title='bbox 372 3862 417 3932; x_wconf 78' lang='lat' dir='ltr'><strong>rr]</strong></span> <span class='ocrx_word' id='word_1_297' title='bbox 437 3863 474 3917; x_wconf 76' lang='lat' dir='ltr'><strong>sn.</strong></span> <span class='ocrx_word' id='word_1_298' title='bbox 528 3864 575 3935; x_wconf 78' lang='lat' dir='ltr'><strong>aa]</strong></span> <span class='ocrx_word' id='word_1_299' title='bbox 595 3864 653 3918; x_wconf 77' lang='lat' dir='ltr'><strong>ron.</strong></span> <span class='ocrx_word' id='word_1_300' title='bbox 675 3866 717 3932; x_wconf 80' lang='lat'><strong>14,</strong></span> <span class='ocrx_word' id='word_1_301' title='bbox 739 3866 779 3920; x_wconf 91' lang='lat'><strong>11.</strong></span> <span class='ocrx_word' id='word_1_302' title='bbox 843 3867 886 3936; x_wconf 83' lang='lat' dir='ltr'><strong>as]</strong></span> <span class='ocrx_word' id='word_1_303' title='bbox 907 3867 943 3920; x_wconf 81' lang='lat' dir='ltr'><strong>ro.</strong></span> 
     </span>
    </p>
   </div>
   <div class='ocr_carea' id='block_1_4' title="bbox 143 3984 1289 4326">
    <p class='ocr_par' dir='ltr' id='par_1_4' title="bbox 143 3984 1289 4326">
     <span class='ocr_line' id='line_1_33' title="bbox 176 3984 1288 4057; baseline 0.004 -19"><span class='ocrx_word' id='word_1_304' title='bbox 176 3987 192 4037; x_wconf 89' lang='lat'>2</span> <span class='ocrx_word' id='word_1_305' title='bbox 219 3987 250 4038; x_wconf 89' lang='lat' dir='ltr'><strong>in</strong></span> <span class='ocrx_word' id='word_1_306' title='bbox 277 3984 368 4038; x_wconf 84' lang='lat' dir='ltr'><strong>uerbis</strong></span> <span class='ocrx_word' id='word_1_307' title='bbox 395 4003 447 4040; x_wconf 84' lang='lat' dir='ltr'><strong>om.</strong></span> <span class='ocrx_word' id='word_1_308' title='bbox 474 3985 506 4040; x_wconf 85' lang='lat' dir='ltr'><em>F</em></span> <span class='ocrx_word' id='word_1_309' title='bbox 567 3985 581 4038; x_wconf 86' lang='grc'><strong>7</strong></span> <span class='ocrx_word' id='word_1_310' title='bbox 612 3988 722 4042; x_wconf 87' lang='lat' dir='ltr'><strong>uirtutis</strong></span> <span class='ocrx_word' id='word_1_311' title='bbox 743 3991 815 4057; x_wconf 80' lang='lat' dir='ltr'><strong>sort.</strong></span> <span class='ocrx_word' id='word_1_312' title='bbox 882 3989 914 4043; x_wconf 88' lang='grc'><strong>10</strong></span> <span class='ocrx_word' id='word_1_313' title='bbox 942 3989 1028 4043; x_wconf 85' lang='lat' dir='ltr'><strong>credis</strong></span> <span class='ocrx_word' id='word_1_314' title='bbox 1051 3987 1148 4050; x_wconf 85' lang='lat' dir='ltr'><strong>PMF,</strong></span> <span class='ocrx_word' id='word_1_315' title='bbox 1178 3987 1288 4043; x_wconf 84' lang='lat' dir='ltr'><strong>creditis</strong></span> 
     </span>
     <span class='ocr_line' id='line_1_34' title="bbox 143 4072 1288 4145; baseline 0.006 -20"><span class='ocrx_word' id='word_1_316' title='bbox 143 4072 212 4127; x_wconf 83' lang='lat' dir='ltr'><strong>Pom</strong></span> <span class='ocrx_word' id='word_1_317' title='bbox 294 4073 323 4127; x_wconf 93' lang='lat' dir='ltr'><strong>in</strong></span> <span class='ocrx_word' id='word_1_318' title='bbox 346 4090 389 4127; x_wconf 92' lang='lat' dir='ltr'><strong>me</strong></span> <span class='ocrx_word' id='word_1_319' title='bbox 405 4075 486 4145; x_wconf 79' lang='lat' dir='ltr'><strong>(est)</strong></span> <span class='ocrx_word' id='word_1_320' title='bbox 501 4076 576 4128; x_wconf 87' lang='lat' dir='ltr'><strong>Pam</strong></span> <span class='ocrx_word' id='word_1_321' title='bbox 649 4078 679 4130; x_wconf 92' lang='lat' dir='ltr'><strong>ll</strong></span> <span class='ocrx_word' id='word_1_322' title='bbox 701 4077 788 4131; x_wconf 83' lang='lat' dir='ltr'><strong>credis</strong></span> <span class='ocrx_word' id='word_1_323' title='bbox 806 4077 904 4144; x_wconf 85' lang='lat' dir='ltr'><strong>PMF,</strong></span> <span class='ocrx_word' id='word_1_324' title='bbox 929 4077 1039 4132; x_wconf 87' lang='lat' dir='ltr'><strong>creditis</strong></span> <span class='ocrx_word' id='word_1_325' title='bbox 1057 4077 1129 4131; x_wconf 89' lang='lat' dir='ltr'><strong>Pam</strong></span> <span class='ocrx_word' id='word_1_326' title='bbox 1203 4078 1235 4132; x_wconf 83' lang='lat'><strong>13</strong></span> <span class='ocrx_word' id='word_1_327' title='bbox 1260 4095 1288 4132; x_wconf 87' lang='lat' dir='ltr'><strong>se</strong></span> 
     </span>
     <span class='ocr_line' id='line_1_35' title="bbox 143 4161 1289 4237; baseline 0.008 -26"><span class='ocrx_word' id='word_1_328' title='bbox 143 4162 247 4216; x_wconf 80' lang='lat' dir='ltr'><strong>scilicet</strong></span> <span class='ocrx_word' id='word_1_329' title='bbox 254 4161 304 4230; x_wconf 69' lang='lat'><strong>12³,</strong></span> <span class='ocrx_word' id='word_1_330' title='bbox 314 4161 355 4215; x_wconf 90' lang='lat' dir='ltr'><strong>sic</strong></span> <span class='ocrx_word' id='word_1_331' title='bbox 364 4162 470 4217; x_wconf 88' lang='lat' dir='ltr'><strong>scilicet</strong></span> <span class='ocrx_word' id='word_1_332' title='bbox 477 4164 606 4219; x_wconf 70' lang='grc' dir='ltr'><strong>ΡΜΡΒι</strong></span> <span class='ocrx_word' id='word_1_333' title='bbox 654 4165 687 4218; x_wconf 87' lang='grc'><strong>16</strong></span> <span class='ocrx_word' id='word_1_334' title='bbox 698 4183 727 4219; x_wconf 88' lang='lat' dir='ltr'><strong>se</strong></span> <span class='ocrx_word' id='word_1_335' title='bbox 737 4165 886 4219; x_wconf 83' lang='lat' dir='ltr'><strong>existimari</strong></span> <span class='ocrx_word' id='word_1_336' title='bbox 895 4165 964 4230; x_wconf 69' lang='grc' dir='ltr'><strong>ΜΡ,</strong></span> <span class='ocrx_word' id='word_1_337' title='bbox 976 4166 1122 4220; x_wconf 87' lang='lat' dir='ltr'><strong>existimari</strong></span> <span class='ocrx_word' id='word_1_338' title='bbox 1132 4183 1161 4220; x_wconf 89' lang='lat' dir='ltr'><strong>se</strong></span> <span class='ocrx_word' id='word_1_339' title='bbox 1171 4166 1289 4237; x_wconf 78' lang='lat' dir='ltr'><strong>Pualpo</strong></span> 
     </span>
     <span class='ocr_line' id='line_1_36' title="bbox 143 4247 1220 4326; baseline 0.008 -27"><span class='ocrx_word' id='word_1_340' title='bbox 143 4247 176 4300; x_wconf 82' lang='lat'><strong>20</strong></span> <span class='ocrx_word' id='word_1_341' title='bbox 195 4256 227 4304; x_wconf 89' lang='lat' dir='ltr'><strong>ut</strong></span> <span class='ocrx_word' id='word_1_342' title='bbox 243 4267 296 4306; x_wconf 88' lang='lat' dir='ltr'><strong>om.</strong></span> <span class='ocrx_word' id='word_1_343' title='bbox 315 4248 348 4302; x_wconf 84' lang='lat' dir='ltr'><em>F</em></span> <span class='ocrx_word' id='word_1_344' title='bbox 417 4251 570 4308; x_wconf 88' lang='lat' dir='ltr'><strong>haberetur.</strong></span> <span class='ocrx_word' id='word_1_345' title='bbox 591 4261 619 4307; x_wconf 86' lang='lat' dir='ltr'><strong>et</strong></span> <span class='ocrx_word' id='word_1_346' title='bbox 636 4255 720 4322; x_wconf 55' lang='lat' dir='ltr'><strong>uago</strong></span> <span class='ocrx_word' id='word_1_347' title='bbox 774 4254 809 4308; x_wconf 81' lang='lat'><strong>22</strong></span> <span class='ocrx_word' id='word_1_348' title='bbox 829 4271 898 4324; x_wconf 85' lang='lat' dir='ltr'><strong>quae</strong></span> <span class='ocrx_word' id='word_1_349' title='bbox 917 4272 967 4324; x_wconf 88' lang='lat' dir='ltr'><strong>ego</strong></span> <span class='ocrx_word' id='word_1_350' title='bbox 986 4255 1049 4320; x_wconf 76' lang='lat' dir='ltr'><strong>Fa,</strong></span> <span class='ocrx_word' id='word_1_351' title='bbox 1070 4273 1138 4326; x_wconf 86' lang='lat' dir='ltr'><strong>qnae</strong></span> <span class='ocrx_word' id='word_1_352' title='bbox 1157 4255 1220 4309; x_wconf 85' lang='lat' dir='ltr'><strong>PM</strong></span> 
     </span>
    </p>
   </div>
   <div class='ocr_carea' id='block_1_5' title="bbox 1208 4359 1251 4412">
    <p class='ocr_par' dir='ltr' id='par_1_5' title="bbox 1208 4359 1251 4412">
     <span class='ocr_line' id='line_1_37' title="bbox 1208 4359 1251 4412; baseline 0 -8"><span class='ocrx_word' id='word_1_353' title='bbox 1208 4359 1251 4412; x_wconf 75' lang='grc' dir='ltr'><strong>18Ι</strong></span> 
     </span>
    </p>
   </div>
   <div class='ocr_carea' id='block_1_6' title="bbox 0 0 1635 4959">
    <p class='ocr_par' dir='ltr' id='par_1_6' title="bbox 0 0 1635 4959">
     <span class='ocr_line' id='line_1_38' title="bbox 0 0 1635 4959; baseline 0 0"><span class='ocrx_word' id='word_1_354' title='bbox 0 0 1635 4959; x_wconf 95' lang='lat' dir='ltr'><strong> </strong></span> 
     </span>
    </p>
   </div>
  </div>
 </body>
</html>
