3250 4959
320 400 384 461 394
557 393 672 459 Quinti
693 392 836 460 Septimi
853 388 1024 443 Florentia
1043 386 1246 439 Tertulliani

321 586 397 667 quid
426 584 507 649 enim
538 583 657 666 profuit
685 601 745 646 uon
773 600 848 645 uere
878 580 978 644 fuisse
1003 578 1087 660 quod
1110 597 1167 658 pro
1192 596 1267 641 uero
1292 576 1470 643 haberetur.

321 698 386 757 tam
411 710 534 757 carnem
561 710 654 773 quarn
680 689 903 753 natiuitatem?
936 691 991 750 ant
1016 687 1043 749 si
1067 686 1197 749 dixeris:
1224 684 1342 749 uiderit
1367 686 1471 766 opinio

321 800 470 876 humana,
494 799 557 861 iam
587 797 681 861 deum
705 800 797 861 tuum
821 795 957 858 honoras
980 793 1124 858 fallaciae
1147 793 1254 869 titulo,
1279 792 1306 856 si
1332 792 1421 857 atiud
1440 813 1471 855 se

321 906 443 969 sciebat
475 923 544 968 esse
582 923 675 983 qnam
714 902 797 985 quod
835 901 979 965 homines
1016 901 1136 963 fecerat
1172 900 1303 981 opinari.
1342 899 1406 963 iarn
1438 904 1471 961 tu

319 1011 455 1095 potuisti
479 1011 574 1075 etiam
598 1010 798 1074 natiuitatem
824 1008 1004 1091 putatiuam
1023 1007 1071 1070 illi
1090 1007 1361 1076 accommodasse,
1386 1026 1425 1071 ne
1443 1008 1471 1070 iu
1498 1025 1509 1063 s

304 1116 401 1182 'hanc
434 1136 559 1200 quoque
593 1117 783 1201 impegisses
821 1114 1048 1195 quaestionem.
1086 1133 1158 1177 nam
1195 1119 1228 1177 et
1263 1112 1471 1177 mulierculae

320 1244 560 1306 nonnumquam
583 1226 790 1307 praegnantes
816 1221 877 1285 sibi
899 1221 1058 1297 uidentur,
1084 1224 1140 1284 aut
1163 1221 1327 1303 sanguinis
1350 1220 1470 1283 tributo

320 1335 377 1396 aut
394 1331 500 1413 aliqua
519 1330 697 1395 ualitudine
717 1328 852 1394 inflatae.
878 1333 911 1393 et
927 1329 1039 1409 utique
1064 1328 1214 1391 debuerat
1237 1327 1470 1410 phantasmatis

321 1456 466 1503 scaenam
495 1437 722 1513 decucurrisse,
748 1455 785 1499 ne
815 1435 967 1518 originem
992 1434 1093 1499 carnis
1116 1452 1177 1498 non
1200 1434 1396 1499 desaltasset
1419 1432 1470 1513 qui

319 1564 485 1626 personam
523 1542 720 1607 substantiae
752 1542 855 1625 ipsius
888 1541 1017 1624 egisset.
1049 1542 1141 1624 plane
1174 1543 1354 1607 natiuitatis
1387 1560 1507 1605 urere-1·

320 1651 445 1715 dacium
470 1650 641 1715 recusasti:
666 1650 767 1732 ipsarn
787 1648 870 1715 enim
891 1668 1013 1712 carnem
1033 1668 1141 1715 ueram
1161 1651 1300 1715 edidisti.
1325 1652 1469 1735 turpissi-

320 1776 408 1821 mum
438 1758 561 1821 seilicet
594 1756 643 1819 dei
677 1756 772 1820 etiam
811 1774 886 1819 uera
918 1756 1077 1821 natiuitas.
1109 1776 1167 1840 aga
1195 1758 1269 1834 iam,
1298 1776 1412 1840 perora
1438 1758 1467 1820 in

318 1864 374 1928 illa
398 1864 600 1929 sanctissima
624 1870 656 1927 et
678 1861 849 1928 reuerenda
869 1881 963 1943 opera
981 1867 1120 1939 naturae,
1145 1864 1293 1928 inuehere
1312 1864 1343 1927 in
1364 1869 1467 1927 toturn

320 1971 403 2052 quod
428 1990 476 2045 es;
502 1971 603 2035 carnis
627 1974 723 2051 atque
748 1971 870 2034 animae
894 1970 1047 2053 originem
1067 1970 1208 2044 destrue3
1229 1971 1370 2034 cloacam
1390 1990 1468 2034 uoca

320 2082 457 2155 uterum,
485 2078 564 2141 tanti
589 2078 744 2155 animalis,
768 2076 800 2140 id
825 2082 874 2141 est
900 2076 1049 2154 hominis,
1077 2077 1270 2159 producendi
1294 2076 1466 2143 officinam:
1483 2090 1505 2129 ¹⁵

319 2203 506 2265 persequere
531 2187 562 2247 et
584 2188 694 2264 partus
717 2184 869 2247 inmunda
893 2186 925 2246 et
947 2183 1093 2265 pudenda
1121 2187 1279 2247 tormenta
1305 2187 1339 2247 et
1365 2184 1466 2266 ipsius

320 2290 429 2354 exinde
456 2290 614 2374 puerperii
647 2309 778 2373 spurcos
807 2291 914 2355 anrios
941 2290 1081 2355 ludicros
1110 2290 1226 2354 exitus:
1250 2295 1370 2358 tamen.
1396 2309 1466 2354 cunr

319 2398 424 2461 omnia
456 2398 519 2461 ista
551 2397 753 2475 destruxeris,
791 2401 828 2460 ut
860 2398 917 2460 deo
952 2397 1079 2480 indigna
1112 2397 1288 2465 confirmes.
1317 2418 1380 2461 non
1409 2399 1466 2462 erit

320 2502 476 2586 indignior
509 2508 609 2568 morte
637 2504 788 2567 natiuitas
822 2508 855 2567 et
888 2522 981 2567 cruce
1009 2503 1141 2568 iniant-ia
1169 2508 1202 2567 et
1223 2508 1336 2569 natura
1365 2524 1466 2586 poena

320 2617 352 2673 et
376 2628 447 2674 caro
472 2610 679 2675 damnatione.
708 2610 735 2674 si
763 2630 837 2674 uere
865 2610 928 2673 ista
956 2630 1070 2693 passus
1098 2615 1149 2673 est
1173 2609 1330 2676 Christus.
1359 2614 1505 2675 minuero

318 2717 381 2780 fuit
407 2718 509 2797 nasci;
544 2717 570 2781 si
600 2717 762 2781 mendacio
800 2736 915 2800 passus
954 2720 1012 2791 est,
1051 2721 1090 2782 ut
1125 2717 1323 2799 phantasma,
1361 2718 1467 2801 potuit

319 2828 351 2887 et
387 2824 551 2888 mendacio
589 2825 687 2889 nasci.
726 2844 852 2889 summa
882 2826 947 2889 ista
978 2825 1149 2890 Marcionis
1182 2830 1379 2909 argumenta.
1414 2846 1467 2908 per

319 2950 397 3012 qnae
430 2930 528 2995 alium
561 2930 659 2996 elficit
692 2930 865 3008 Christum,
900 2933 988 3009 satis,
1022 2934 1141 3014 opinor,
1174 2933 1373 2998 ostendimus
1406 2954 1465 2997 nou

318 3036 492 3101 consistere
526 3037 662 3115 omnino,
701 3039 775 3101 dum
814 3038 963 3103 docemus
1001 3038 1103 3121 magis
1140 3038 1252 3121 ntique
1287 3044 1465 3122 competere

318 3142 375 3206 deo
396 3143 563 3207 ueritatem
584 3164 677 3227 quarn
697 3144 897 3208 mendacium
917 3145 985 3209 eius
1005 3145 1146 3221 habitus,
1168 3144 1201 3207 in
1222 3164 1283 3226 quo
1304 3145 1463 3211 Christum
1480 3156 1505 3197 ἢ

319 3270 413 3313 strum
442 3250 593 3315 exhihuit.
623 3251 649 3314 si
679 3252 796 3315 ueritas
824 3252 897 3331 fuit,
926 3270 997 3315 caro
1026 3251 1098 3322 luit,
1127 3252 1153 3315 si
1179 3270 1250 3316 caro
1274 3252 1346 3328 fuit,
1371 3258 1465 3317 natus

318 3360 377 3419 est.
403 3376 438 3421 ea
462 3357 556 3433 eninr,
582 3376 661 3438 quae
686 3362 844 3440 expugnat
862 3359 938 3421 haec
959 3359 1109 3436 haeresis,
1134 3357 1368 3423 confirmantur.
1393 3378 1465 3421 enm

318 3480 364 3537 ea,
393 3482 447 3544 per·
471 3482 550 3544 qnae
575 3470 742 3547 expugnat,
772 3464 988 3529 destruuntur.
1018 3466 1136 3547 itaque,
1165 3464 1193 3527 si
1217 3483 1348 3528 carneus
1372 3465 1465 3529 habe·

316 3568 410 3647 bitur,
444 3570 517 3651 quia
550 3574 654 3647 natue,
688 3574 719 3633 et
750 3574 855 3648 natus,
890 3571 963 3653 quia
996 3590 1138 3648 carneus
1171 3571 1247 3653 quia
1278 3570 1465 3654 phantasma

351 3834 417 3883 ltu
436 3832 547 3897 scripsi:
566 3834 630 3883 tune
650 3830 711 3885 ,tre
764 3832 1110 3887 scarnisJJR³.came1n
1127 3832 1165 3887 12¹
1239 3832 1404 3887 desaltasset
1419 3834 1464 3888 at

317 3918 464 3972 adeltasset
479 3920 552 3974 ,uso
667 3921 699 3975 10
720 3921 798 3988 plane
818 3923 994 3975 natiuitatis.
1012 3921 1187 3975 ...edidisti
1207 3939 1266 3977 cum
1289 3924 1385 3977 ironia
1410 3923 1465 3976 dici

316 4008 527 4063 carianodaertos
642 4012 673 4061 1¹2
694 4011 774 4063 otiam
796 4027 860 4063 uera
877 4011 1009 4063 natiuitas
1027 4012 1097 4065 seit:
1116 4028 1175 4064 nora
1196 4012 1285 4065 soleam
1305 4028 1375 4065 cern
1398 4028 1464 4065 coro

319 4098 351 4150 13
374 4098 502 4151 intrahere
522 4098 557 4156 R.
577 4100 719 4152 inueherer
736 4098 801 4151 hle*
890 4101 922 4151 14
941 4101 1047 4153 animae
1065 4116 1117 4152 ons.
1136 4100 1166 4152 F
1279 4116 1347 4154 uoca
1365 4118 1417 4154 om.
1436 4100 1458 4153 1·

290 4251 294 4257 ¹
318 4186 349 4237 ls
371 4186 482 4249 indigna
500 4186 535 4249 F,
555 4188 638 4253 digna
656 4188 717 4242 ΜΗ
767 4190 801 4241 ‘20
822 4206 883 4241 caro
903 4188 1077 4242 damnatione
1095 4189 1205 4256 scripsi:
1225 4204 1303 4242 came
1322 4188 1460 4243 damnatio

317 4274 379 4327 ,tllt
433 4276 789 4331 alluit]11‹'.fuisset1t
843 4278 878 4329 24
898 4276 1128 4331 consisterent!
