<?xml version="1.0" encoding="UTF-8"?>
<!DOCTYPE html PUBLIC "-//W3C//DTD XHTML 1.0 Transitional//EN"
    "http://www.w3.org/TR/xhtml1/DTD/xhtml1-transitional.dtd">
<html xmlns="http://www.w3.org/1999/xhtml" xml:lang="en" lang="en">
 <head>
  <title>
</title>
<meta http-equiv="Content-Type" content="text/html;charset=utf-8" />
  <meta name='ocr-system' content='tesseract 3.04.00' />
  <meta name='ocr-capabilities' content='ocr_page ocr_carea ocr_par ocr_line ocrx_word'/>
</head>
<body>
  <div class='ocr_page' id='page_1' title='image "./corpusscriptoru20wissgoog_0554.png"; bbox 0 0 3250 4959; ppageno 0'>
   <div class='ocr_carea' id='block_1_1' title="bbox 319 375 1240 449">
    <p class='ocr_par' dir='ltr' id='par_1_1' title="bbox 319 375 1240 449">
     <span class='ocr_line' id='line_1_1' title="bbox 319 375 1240 449; baseline 0.001 -16"><span class='ocrx_word' id='word_1_1' title='bbox 319 379 384 444; x_wconf 83' lang='lat'><strong>486</strong></span> <span class='ocrx_word' id='word_1_2' title='bbox 548 375 665 442; x_wconf 86' lang='lat' dir='ltr'><strong>Quinti</strong></span> <span class='ocrx_word' id='word_1_3' title='bbox 685 378 827 449; x_wconf 80' lang='lat' dir='ltr'><strong>Septimi</strong></span> <span class='ocrx_word' id='word_1_4' title='bbox 844 379 1016 444; x_wconf 78' lang='lat' dir='ltr'><strong>Florentia</strong></span> <span class='ocrx_word' id='word_1_5' title='bbox 1035 381 1240 436; x_wconf 78' lang='lat' dir='ltr'><strong>Tertulliani</strong></span> 
     </span>
    </p>
   </div>
   <div class='ocr_carea' id='block_1_2' title="bbox 317 573 1520 3433">
    <p class='ocr_par' dir='ltr' id='par_1_2' title="bbox 317 573 1520 3433">
     <span class='ocr_line' id='line_1_2' title="bbox 317 573 1475 662; baseline 0.005 -25"><span class='ocrx_word' id='word_1_6' title='bbox 317 574 365 638; x_wconf 91' lang='lat' dir='ltr'><strong>ita</strong></span> <span class='ocrx_word' id='word_1_7' title='bbox 383 593 456 646; x_wconf 89' lang='lat' dir='ltr'><strong>eum</strong></span> <span class='ocrx_word' id='word_1_8' title='bbox 475 591 510 639; x_wconf 87' lang='lat' dir='ltr'><strong>ae</strong></span> <span class='ocrx_word' id='word_1_9' title='bbox 530 573 647 656; x_wconf 87' lang='lat' dir='ltr'><strong>etipse</strong></span> <span class='ocrx_word' id='word_1_10' title='bbox 667 575 876 652; x_wconf 86' lang='lat' dir='ltr'><strong>confirmauit,</strong></span> <span class='ocrx_word' id='word_1_11' title='bbox 897 595 991 659; x_wconf 90' lang='lat' dir='ltr'><strong>quem</strong></span> <span class='ocrx_word' id='word_1_12' title='bbox 1011 577 1271 662; x_wconf 86' lang='lat' dir='ltr'><strong>adcognoueruut</strong></span> <span class='ocrx_word' id='word_1_13' title='bbox 1286 578 1475 654; x_wconf 63' lang='lat' dir='ltr'><strong>memores,</strong></span> 
     </span>
     <span class='ocr_line' id='line_1_3' title="bbox 319 679 1476 767; baseline 0.003 -21"><span class='ocrx_word' id='word_1_14' title='bbox 319 681 438 758; x_wconf 88' lang='lat' dir='ltr'><strong>lesum,</strong></span> <span class='ocrx_word' id='word_1_15' title='bbox 461 679 578 746; x_wconf 90' lang='lat' dir='ltr'><strong>iudicis</strong></span> <span class='ocrx_word' id='word_1_16' title='bbox 603 683 635 745; x_wconf 89' lang='lat' dir='ltr'><strong>et</strong></span> <span class='ocrx_word' id='word_1_17' title='bbox 658 681 773 748; x_wconf 90' lang='lat' dir='ltr'><strong>ultoris</strong></span> <span class='ocrx_word' id='word_1_18' title='bbox 798 682 850 748; x_wconf 91' lang='lat' dir='ltr'><strong>dei</strong></span> <span class='ocrx_word' id='word_1_19' title='bbox 873 683 986 748; x_wconf 89' lang='lat' dir='ltr'><strong>lilium.</strong></span> <span class='ocrx_word' id='word_1_20' title='bbox 1016 684 1100 748; x_wconf 81' lang='lat' dir='ltr'><strong>Ecce</strong></span> <span class='ocrx_word' id='word_1_21' title='bbox 1128 683 1247 767; x_wconf 80' lang='lat' dir='ltr'><strong>ahquid</strong></span> <span class='ocrx_word' id='word_1_22' title='bbox 1276 687 1310 748; x_wconf 87' lang='lat' dir='ltr'><strong>et</strong></span> <span class='ocrx_word' id='word_1_23' title='bbox 1337 685 1378 750; x_wconf 92' lang='lat' dir='ltr'><strong>de</strong></span> <span class='ocrx_word' id='word_1_24' title='bbox 1404 685 1476 750; x_wconf 93' lang='lat' dir='ltr'><strong>illis</strong></span> 
     </span>
     <span class='ocr_line' id='line_1_4' title="bbox 318 786 1477 876; baseline 0.005 -26"><span class='ocrx_word' id='word_1_25' title='bbox 318 786 553 870; x_wconf 74' lang='lat' dir='ltr'><strong>pusillitatibus</strong></span> <span class='ocrx_word' id='word_1_26' title='bbox 568 789 601 852; x_wconf 91' lang='lat' dir='ltr'><strong>et</strong></span> <span class='ocrx_word' id='word_1_27' title='bbox 614 787 855 855; x_wconf 87' lang='lat' dir='ltr'><strong>infirmitatibus</strong></span> <span class='ocrx_word' id='word_1_28' title='bbox 865 789 1017 856; x_wconf 89' lang='lat' dir='ltr'><strong>creatoris</strong></span> <span class='ocrx_word' id='word_1_29' title='bbox 1027 789 1059 854; x_wconf 91' lang='lat' dir='ltr'><strong>in</strong></span> <span class='ocrx_word' id='word_1_30' title='bbox 1070 789 1251 857; x_wconf 80' lang='lat' dir='ltr'><strong>Christo—</strong></span> <span class='ocrx_word' id='word_1_31' title='bbox 1261 791 1477 876; x_wconf 84' lang='lat' dir='ltr'><strong>ignorantium</strong></span> 
     </span>
     <span class='ocr_line' id='line_1_5' title="bbox 318 893 1476 980; baseline 0.004 -23"><span class='ocrx_word' id='word_1_32' title='bbox 318 893 403 958; x_wconf 91' lang='lat' dir='ltr'><strong>enim</strong></span> <span class='ocrx_word' id='word_1_33' title='bbox 440 896 474 959; x_wconf 89' lang='lat' dir='ltr'><strong>et</strong></span> <span class='ocrx_word' id='word_1_34' title='bbox 510 913 568 980; x_wconf 85' lang='lat' dir='ltr'><strong>ego</strong></span> <span class='ocrx_word' id='word_1_35' title='bbox 605 894 784 962; x_wconf 77' lang='lat' dir='ltr'><strong>adscribere</strong></span> <span class='ocrx_word' id='word_1_36' title='bbox 821 896 852 962; x_wconf 91' lang='lat' dir='ltr'><strong>ei</strong></span> <span class='ocrx_word' id='word_1_37' title='bbox 883 896 973 972; x_wconf 85' lang='lat' dir='ltr'><strong>uolo;</strong></span> <span class='ocrx_word' id='word_1_38' title='bbox 1001 897 1178 980; x_wconf 85' lang='lat' dir='ltr'><strong>permittite</strong></span> <span class='ocrx_word' id='word_1_39' title='bbox 1204 896 1285 963; x_wconf 90' lang='lat' dir='ltr'><strong>mihi</strong></span> <span class='ocrx_word' id='word_1_40' title='bbox 1316 898 1476 963; x_wconf 89' lang='lat' dir='ltr'><strong>aduersus</strong></span> 
     </span>
     <span class='ocr_line' id='line_1_6' title="bbox 319 1000 1520 1089; baseline 0.002 -25"><span class='ocrx_word' id='word_1_41' title='bbox 319 1000 517 1066; x_wconf 90' lang='lat' dir='ltr'><strong>haereticum</strong></span> <span class='ocrx_word' id='word_1_42' title='bbox 538 1023 598 1066; x_wconf 73' lang='grc' dir='ltr'><strong>-ε</strong></span> <span class='ocrx_word' id='word_1_43' title='bbox 622 1001 766 1086; x_wconf 84' lang='lat' dir='ltr'><strong>tangitur</strong></span> <span class='ocrx_word' id='word_1_44' title='bbox 789 1023 808 1068; x_wconf 93' lang='lat' dir='ltr'><strong>a</strong></span> <span class='ocrx_word' id='word_1_45' title='bbox 831 1002 958 1082; x_wconf 83' lang='lat' dir='ltr'><strong>lemine,</strong></span> <span class='ocrx_word' id='word_1_46' title='bbox 982 1022 1064 1087; x_wconf 85' lang='lat' dir='ltr'><strong>quae</strong></span> <span class='ocrx_word' id='word_1_47' title='bbox 1087 1005 1241 1089; x_wconf 87' lang='lat' dir='ltr'><strong>sanguine</strong></span> <span class='ocrx_word' id='word_1_48' title='bbox 1259 1004 1421 1085; x_wconf 87' lang='lat' dir='ltr'><strong>fluitabat,</strong></span> <span class='ocrx_word' id='word_1_49' title='bbox 1439 1008 1477 1069; x_wconf 90' lang='lat' dir='ltr'><strong>et</strong></span> <span class='ocrx_word' id='word_1_50' title='bbox 1505 1027 1520 1066; x_wconf 80' lang='lat' dir='ltr'><strong>s</strong></span> 
     </span>
     <span class='ocr_line' id='line_1_7' title="bbox 318 1107 1475 1196; baseline 0.004 -25"><span class='ocrx_word' id='word_1_51' title='bbox 318 1107 458 1173; x_wconf 89' lang='lat' dir='ltr'><strong>nesciuit</strong></span> <span class='ocrx_word' id='word_1_52' title='bbox 475 1127 494 1173; x_wconf 86' lang='lat' dir='ltr'><strong>a</strong></span> <span class='ocrx_word' id='word_1_53' title='bbox 510 1127 585 1192; x_wconf 87' lang='lat' dir='ltr'><strong>qua</strong></span> <span class='ocrx_word' id='word_1_54' title='bbox 604 1109 696 1190; x_wconf 90' lang='lat' dir='ltr'><strong>quis</strong></span> <span class='ocrx_word' id='word_1_55' title='bbox 720 1128 788 1188; x_wconf 79' lang='lat' dir='ltr'><strong>me,</strong></span> <span class='ocrx_word' id='word_1_56' title='bbox 808 1109 922 1193; x_wconf 85' lang='lat' dir='ltr'><strong>inquit,</strong></span> <span class='ocrx_word' id='word_1_57' title='bbox 941 1110 1110 1196; x_wconf 83' lang='lat' dir='ltr'><strong>tetigit?</strong></span> <span class='ocrx_word' id='word_1_58' title='bbox 1130 1111 1226 1176; x_wconf 89' lang='lat' dir='ltr'><strong>etiam</strong></span> <span class='ocrx_word' id='word_1_59' title='bbox 1245 1113 1475 1178; x_wconf 85' lang='lat' dir='ltr'><strong>excusantibus</strong></span> 
     </span>
     <span class='ocr_line' id='line_1_8' title="bbox 319 1212 1474 1302; baseline 0.005 -24"><span class='ocrx_word' id='word_1_60' title='bbox 319 1212 486 1296; x_wconf 83' lang='lat' dir='ltr'><strong>discipulis</strong></span> <span class='ocrx_word' id='word_1_61' title='bbox 519 1217 702 1298; x_wconf 88' lang='lat' dir='ltr'><strong>perseuerat</strong></span> <span class='ocrx_word' id='word_1_62' title='bbox 733 1217 765 1280; x_wconf 90' lang='lat' dir='ltr'><strong>in</strong></span> <span class='ocrx_word' id='word_1_63' title='bbox 797 1216 994 1301; x_wconf 81' lang='lat' dir='ltr'><strong>ignorantiae</strong></span> <span class='ocrx_word' id='word_1_64' title='bbox 1025 1236 1118 1282; x_wconf 89' lang='lat' dir='ltr'><strong>uoco:</strong></span> <span class='ocrx_word' id='word_1_65' title='bbox 1152 1218 1299 1302; x_wconf 86' lang='lat' dir='ltr'><strong>tetigit</strong></span> <span class='ocrx_word' id='word_1_66' title='bbox 1321 1237 1382 1284; x_wconf 91' lang='lat' dir='ltr'><strong>me</strong></span> <span class='ocrx_word' id='word_1_67' title='bbox 1406 1220 1474 1284; x_wconf 91' lang='lat' dir='ltr'><strong>ali·</strong></span> 
     </span>
     <span class='ocr_line' id='line_1_9' title="bbox 319 1320 1475 1408; baseline 0.004 -23"><span class='ocrx_word' id='word_1_68' title='bbox 319 1320 425 1402; x_wconf 86' lang='lat' dir='ltr'><strong>quis,</strong></span> <span class='ocrx_word' id='word_1_69' title='bbox 449 1320 545 1404; x_wconf 89' lang='lat' dir='ltr'><strong>idque</strong></span> <span class='ocrx_word' id='word_1_70' title='bbox 570 1321 608 1386; x_wconf 93' lang='lat' dir='ltr'><strong>de</strong></span> <span class='ocrx_word' id='word_1_71' title='bbox 632 1325 820 1408; x_wconf 84' lang='lat' dir='ltr'><strong>argumento</strong></span> <span class='ocrx_word' id='word_1_72' title='bbox 844 1322 1003 1390; x_wconf 79' lang='lat' dir='ltr'><strong>adimat:</strong></span> <span class='ocrx_word' id='word_1_73' title='bbox 1025 1325 1135 1389; x_wconf 89' lang='lat' dir='ltr'><strong>sensi</strong></span> <span class='ocrx_word' id='word_1_74' title='bbox 1154 1325 1256 1389; x_wconf 91' lang='lat' dir='ltr'><strong>enim</strong></span> <span class='ocrx_word' id='word_1_75' title='bbox 1274 1325 1475 1390; x_wconf 87' lang='lat' dir='ltr'><strong>uirtutem</strong></span> 
     </span>
     <span class='ocr_line' id='line_1_10' title="bbox 320 1425 1473 1512; baseline 0.003 -22"><span class='ocrx_word' id='word_1_76' title='bbox 320 1445 362 1490; x_wconf 86' lang='lat' dir='ltr'><strong>ex</strong></span> <span class='ocrx_word' id='word_1_77' title='bbox 386 1445 444 1490; x_wconf 88' lang='lat' dir='ltr'><strong>me</strong></span> <span class='ocrx_word' id='word_1_78' title='bbox 466 1425 703 1510; x_wconf 86' lang='lat' dir='ltr'><strong>proiectam.</strong></span> <span class='ocrx_word' id='word_1_79' title='bbox 733 1428 809 1511; x_wconf 90' lang='lat' dir='ltr'><strong>quid</strong></span> <span class='ocrx_word' id='word_1_80' title='bbox 838 1427 918 1494; x_wconf 91' lang='lat' dir='ltr'><strong>dicit</strong></span> <span class='ocrx_word' id='word_1_81' title='bbox 943 1429 1144 1495; x_wconf 77' lang='lat' dir='ltr'><strong>haereticus?</strong></span> <span class='ocrx_word' id='word_1_82' title='bbox 1172 1429 1334 1496; x_wconf 85' lang='lat' dir='ltr'><strong>sciebatne</strong></span> <span class='ocrx_word' id='word_1_83' title='bbox 1365 1447 1473 1512; x_wconf 88' lang='lat' dir='ltr'><strong>perso·</strong></span> 
     </span>
     <span class='ocr_line' id='line_1_11' title="bbox 318 1534 1519 1619; baseline 0.002 -23"><span class='ocrx_word' id='word_1_84' title='bbox 318 1535 414 1597; x_wconf 83' lang='lat' dir='ltr'><strong>uam?</strong></span> <span class='ocrx_word' id='word_1_85' title='bbox 438 1536 470 1597; x_wconf 88' lang='lat' dir='ltr'><strong>et</strong></span> <span class='ocrx_word' id='word_1_86' title='bbox 493 1552 550 1599; x_wconf 91' lang='lat' dir='ltr'><strong>cur</strong></span> <span class='ocrx_word' id='word_1_87' title='bbox 568 1534 659 1617; x_wconf 90' lang='lat' dir='ltr'><strong>quasi</strong></span> <span class='ocrx_word' id='word_1_88' title='bbox 678 1534 829 1619; x_wconf 85' lang='lat' dir='ltr'><strong>ignorans</strong></span> <span class='ocrx_word' id='word_1_89' title='bbox 847 1534 1060 1619; x_wconf 78' lang='lat' dir='ltr'><strong>loquebatur?</strong></span> <span class='ocrx_word' id='word_1_90' title='bbox 1079 1539 1117 1602; x_wconf 90' lang='lat' dir='ltr'><strong>ut</strong></span> <span class='ocrx_word' id='word_1_91' title='bbox 1134 1536 1367 1602; x_wconf 88' lang='lat' dir='ltr'><strong>confessionem</strong></span> <span class='ocrx_word' id='word_1_92' title='bbox 1387 1547 1474 1602; x_wconf 86' lang='lat' dir='ltr'><strong>certe</strong></span> <span class='ocrx_word' id='word_1_93' title='bbox 1493 1563 1519 1599; x_wconf 78' lang='grc' dir='ltr'><strong>ιο</strong></span> 
     </span>
     <span class='ocr_line' id='line_1_12' title="bbox 319 1641 1474 1727; baseline 0.003 -24"><span class='ocrx_word' id='word_1_94' title='bbox 319 1643 517 1722; x_wconf 86' lang='lat' dir='ltr'><strong>prouoceret,</strong></span> <span class='ocrx_word' id='word_1_95' title='bbox 547 1643 586 1704; x_wconf 90' lang='lat' dir='ltr'><strong>ut</strong></span> <span class='ocrx_word' id='word_1_96' title='bbox 611 1641 758 1707; x_wconf 89' lang='lat' dir='ltr'><strong>timorem</strong></span> <span class='ocrx_word' id='word_1_97' title='bbox 787 1642 1008 1726; x_wconf 87' lang='lat' dir='ltr'><strong>(re&gt;probaret.</strong></span> <span class='ocrx_word' id='word_1_98' title='bbox 1036 1643 1084 1708; x_wconf 91' lang='lat' dir='ltr'><strong>sic</strong></span> <span class='ocrx_word' id='word_1_99' title='bbox 1112 1647 1146 1708; x_wconf 92' lang='lat' dir='ltr'><strong>et</strong></span> <span class='ocrx_word' id='word_1_100' title='bbox 1171 1643 1273 1709; x_wconf 79' lang='lat' dir='ltr'><strong>Adam</strong></span> <span class='ocrx_word' id='word_1_101' title='bbox 1301 1643 1474 1727; x_wconf 90' lang='lat' dir='ltr'><strong>aliquando</strong></span> 
     </span>
     <span class='ocr_line' id='line_1_13' title="bbox 320 1747 1475 1834; baseline 0.003 -24"><span class='ocrx_word' id='word_1_102' title='bbox 320 1747 500 1828; x_wconf 86' lang='lat' dir='ltr'><strong>quaesierat</strong></span> <span class='ocrx_word' id='word_1_103' title='bbox 522 1747 676 1831; x_wconf 79' lang='lat' dir='ltr'><strong>(creator)</strong></span> <span class='ocrx_word' id='word_1_104' title='bbox 698 1749 791 1831; x_wconf 87' lang='lat' dir='ltr'><strong>quasi</strong></span> <span class='ocrx_word' id='word_1_105' title='bbox 814 1749 976 1834; x_wconf 86' lang='lat' dir='ltr'><strong>ignorans:</strong></span> <span class='ocrx_word' id='word_1_106' title='bbox 990 1748 1111 1814; x_wconf 80' lang='lat' dir='ltr'><strong>Adam</strong></span> <span class='ocrx_word' id='word_1_107' title='bbox 1135 1750 1205 1814; x_wconf 92' lang='lat' dir='ltr'><strong>ubi</strong></span> <span class='ocrx_word' id='word_1_108' title='bbox 1228 1753 1291 1815; x_wconf 79' lang='lat' dir='ltr'><strong>es?</strong></span> <span class='ocrx_word' id='word_1_109' title='bbox 1315 1750 1418 1816; x_wconf 84' lang='lat' dir='ltr'><strong>babes</strong></span> <span class='ocrx_word' id='word_1_110' title='bbox 1442 1762 1475 1814; x_wconf 85' lang='lat' dir='ltr'><strong>et</strong></span> 
     </span>
     <span class='ocr_line' id='line_1_14' title="bbox 320 1852 1474 1922; baseline 0.003 -6"><span class='ocrx_word' id='word_1_111' title='bbox 320 1854 494 1918; x_wconf 88' lang='lat' dir='ltr'><strong>creatorem</strong></span> <span class='ocrx_word' id='word_1_112' title='bbox 519 1872 592 1918; x_wconf 92' lang='lat' dir='ltr'><strong>cum</strong></span> <span class='ocrx_word' id='word_1_113' title='bbox 617 1852 742 1920; x_wconf 79' lang='lat' dir='ltr'><strong>Christo</strong></span> <span class='ocrx_word' id='word_1_114' title='bbox 768 1859 953 1920; x_wconf 83' lang='lat' dir='ltr'><strong>excusatum</strong></span> <span class='ocrx_word' id='word_1_115' title='bbox 978 1859 1011 1920; x_wconf 91' lang='lat' dir='ltr'><strong>et</strong></span> <span class='ocrx_word' id='word_1_116' title='bbox 1034 1855 1198 1921; x_wconf 80' lang='lat' dir='ltr'><strong>Christum</strong></span> <span class='ocrx_word' id='word_1_117' title='bbox 1221 1856 1358 1922; x_wconf 89' lang='lat' dir='ltr'><strong>creatori</strong></span> <span class='ocrx_word' id='word_1_118' title='bbox 1382 1856 1474 1922; x_wconf 87' lang='lat' dir='ltr'><strong>adae-</strong></span> 
     </span>
     <span class='ocr_line' id='line_1_15' title="bbox 318 1959 1474 2047; baseline 0.003 -24"><span class='ocrx_word' id='word_1_119' title='bbox 318 1961 465 2044; x_wconf 87' lang='lat' dir='ltr'><strong>quatum.</strong></span> <span class='ocrx_word' id='word_1_120' title='bbox 493 1959 561 2024; x_wconf 85' lang='lat' dir='ltr'><strong>‘sed</strong></span> <span class='ocrx_word' id='word_1_121' title='bbox 584 1963 617 2024; x_wconf 90' lang='lat' dir='ltr'><strong>et</strong></span> <span class='ocrx_word' id='word_1_122' title='bbox 643 1960 714 2038; x_wconf 82' lang='lat' dir='ltr'><strong>hoc,</strong></span> <span class='ocrx_word' id='word_1_123' title='bbox 743 1981 806 2044; x_wconf 91' lang='lat' dir='ltr'><strong>qua</strong></span> <span class='ocrx_word' id='word_1_124' title='bbox 835 1961 1037 2028; x_wconf 88' lang='lat' dir='ltr'><strong>aduersarius</strong></span> <span class='ocrx_word' id='word_1_125' title='bbox 1064 1963 1159 2047; x_wconf 79' lang='lat' dir='ltr'><strong>legis,</strong></span> <span class='ocrx_word' id='word_1_126' title='bbox 1188 1965 1236 2041; x_wconf 91' lang='lat' dir='ltr'><strong>ut,</strong></span> <span class='ocrx_word' id='word_1_127' title='bbox 1269 1965 1345 2046; x_wconf 88' lang='lat' dir='ltr'><strong>quia</strong></span> <span class='ocrx_word' id='word_1_128' title='bbox 1376 1964 1427 2028; x_wconf 86' lang='lat' dir='ltr'><strong>lor</strong></span> <span class='ocrx_word' id='word_1_129' title='bbox 1455 1983 1474 2026; x_wconf 89' lang='lat' dir='ltr'><strong>a</strong></span> 
     </span>
     <span class='ocr_line' id='line_1_16' title="bbox 320 2068 1518 2154; baseline 0 -24"><span class='ocrx_word' id='word_1_130' title='bbox 320 2069 469 2132; x_wconf 89' lang='lat' dir='ltr'><strong>contactu</strong></span> <span class='ocrx_word' id='word_1_131' title='bbox 489 2068 708 2151; x_wconf 82' lang='lat' dir='ltr'><strong>sanguinantis</strong></span> <span class='ocrx_word' id='word_1_132' title='bbox 727 2069 865 2133; x_wconf 83' lang='lat' dir='ltr'><strong>feminee</strong></span> <span class='ocrx_word' id='word_1_133' title='bbox 884 2072 1076 2146; x_wconf 80' lang='lat' dir='ltr'><strong>summouet,</strong></span> <span class='ocrx_word' id='word_1_134' title='bbox 1095 2069 1214 2136; x_wconf 90' lang='lat' dir='ltr'><strong>idcirco</strong></span> <span class='ocrx_word' id='word_1_135' title='bbox 1240 2071 1389 2154; x_wconf 81' lang='lat' dir='ltr'><strong>gestierit</strong></span> <span class='ocrx_word' id='word_1_136' title='bbox 1412 2091 1474 2137; x_wconf 92' lang='lat' dir='ltr'><strong>non</strong></span> <span class='ocrx_word' id='word_1_137' title='bbox 1494 2089 1518 2130; x_wconf 75' lang='lat' dir='ltr'><strong>a</strong></span> 
     </span>
     <span class='ocr_line' id='line_1_17' title="bbox 319 2175 1473 2254; baseline 0.005 -18"><span class='ocrx_word' id='word_1_138' title='bbox 319 2175 445 2237; x_wconf 90' lang='lat' dir='ltr'><strong>tantum</strong></span> <span class='ocrx_word' id='word_1_139' title='bbox 465 2177 646 2239; x_wconf 89' lang='lat' dir='ltr'><strong>contactum</strong></span> <span class='ocrx_word' id='word_1_140' title='bbox 666 2175 735 2239; x_wconf 90' lang='lat' dir='ltr'><strong>eius</strong></span> <span class='ocrx_word' id='word_1_141' title='bbox 755 2175 933 2254; x_wconf 83' lang='lat' dir='ltr'><strong>admittere,</strong></span> <span class='ocrx_word' id='word_1_142' title='bbox 950 2177 1008 2242; x_wconf 93' lang='lat' dir='ltr'><strong>sed</strong></span> <span class='ocrx_word' id='word_1_143' title='bbox 1028 2177 1125 2242; x_wconf 89' lang='lat' dir='ltr'><strong>etiam</strong></span> <span class='ocrx_word' id='word_1_144' title='bbox 1144 2177 1315 2243; x_wconf 86' lang='lat' dir='ltr'><strong>sanitatem</strong></span> <span class='ocrx_word' id='word_1_145' title='bbox 1335 2177 1473 2242; x_wconf 86' lang='lat' dir='ltr'><strong>donare’.</strong></span> 
     </span>
     <span class='ocr_line' id='line_1_18' title="bbox 320 2278 1475 2361; baseline 0.003 -16"><span class='ocrx_word' id='word_1_146' title='bbox 320 2299 338 2345; x_wconf 94' lang='lat' dir='ltr'><strong>o</strong></span> <span class='ocrx_word' id='word_1_147' title='bbox 367 2278 461 2343; x_wconf 90' lang='lat' dir='ltr'><strong>deum</strong></span> <span class='ocrx_word' id='word_1_148' title='bbox 485 2298 546 2344; x_wconf 90' lang='lat' dir='ltr'><strong>non</strong></span> <span class='ocrx_word' id='word_1_149' title='bbox 569 2284 682 2345; x_wconf 87' lang='lat' dir='ltr'><strong>natura</strong></span> <span class='ocrx_word' id='word_1_150' title='bbox 704 2281 891 2361; x_wconf 90' lang='lat' dir='ltr'><strong>beneficum,</strong></span> <span class='ocrx_word' id='word_1_151' title='bbox 916 2282 972 2347; x_wconf 91' lang='lat' dir='ltr'><strong>sed</strong></span> <span class='ocrx_word' id='word_1_152' title='bbox 1001 2283 1229 2349; x_wconf 82' lang='lat' dir='ltr'><strong>aemulatione!</strong></span> <span class='ocrx_word' id='word_1_153' title='bbox 1258 2285 1293 2348; x_wconf 92' lang='lat' dir='ltr'><strong>et</strong></span> <span class='ocrx_word' id='word_1_154' title='bbox 1320 2284 1417 2360; x_wconf 82' lang='lat' dir='ltr'><strong>enim,</strong></span> <span class='ocrx_word' id='word_1_155' title='bbox 1447 2285 1475 2348; x_wconf 87' lang='lat' dir='ltr'><strong>ai</strong></span> 
     </span>
     <span class='ocr_line' id='line_1_19' title="bbox 321 2386 1476 2469; baseline 0.004 -19"><span class='ocrx_word' id='word_1_156' title='bbox 321 2386 416 2453; x_wconf 87' lang='lat' dir='ltr'><strong>fidem</strong></span> <span class='ocrx_word' id='word_1_157' title='bbox 440 2387 585 2454; x_wconf 89' lang='lat' dir='ltr'><strong>mulieris</strong></span> <span class='ocrx_word' id='word_1_158' title='bbox 608 2388 790 2454; x_wconf 90' lang='lat' dir='ltr'><strong>inuenimus</strong></span> <span class='ocrx_word' id='word_1_159' title='bbox 812 2389 860 2453; x_wconf 92' lang='lat' dir='ltr'><strong>ita</strong></span> <span class='ocrx_word' id='word_1_160' title='bbox 881 2390 1048 2469; x_wconf 87' lang='lat' dir='ltr'><strong>meruisse,</strong></span> <span class='ocrx_word' id='word_1_161' title='bbox 1071 2408 1146 2455; x_wconf 89' lang='lat' dir='ltr'><strong>cnm</strong></span> <span class='ocrx_word' id='word_1_162' title='bbox 1166 2390 1257 2455; x_wconf 79' lang='lat' dir='ltr'><strong>dixit:</strong></span> <span class='ocrx_word' id='word_1_163' title='bbox 1278 2390 1388 2456; x_wconf 88' lang='lat' dir='ltr'><strong>fides</strong></span> <span class='ocrx_word' id='word_1_164' title='bbox 1407 2395 1476 2455; x_wconf 88' lang='lat' dir='ltr'><strong>tua</strong></span> 
     </span>
     <span class='ocr_line' id='line_1_20' title="bbox 321 2495 1475 2582; baseline 0.001 -22"><span class='ocrx_word' id='word_1_165' title='bbox 321 2499 362 2561; x_wconf 91' lang='lat' dir='ltr'><strong>to</strong></span> <span class='ocrx_word' id='word_1_166' title='bbox 382 2497 538 2562; x_wconf 87' lang='lat' dir='ltr'><strong>saluam</strong></span> <span class='ocrx_word' id='word_1_167' title='bbox 556 2495 669 2572; x_wconf 82' lang='lat' dir='ltr'><strong>fecit,</strong></span> <span class='ocrx_word' id='word_1_168' title='bbox 690 2495 761 2578; x_wconf 91' lang='lat' dir='ltr'><strong>quis</strong></span> <span class='ocrx_word' id='word_1_169' title='bbox 783 2515 829 2575; x_wconf 84' lang='lat' dir='ltr'><strong>es,</strong></span> <span class='ocrx_word' id='word_1_170' title='bbox 848 2501 886 2562; x_wconf 89' lang='lat' dir='ltr'><strong>ut</strong></span> <span class='ocrx_word' id='word_1_171' title='bbox 899 2496 1143 2563; x_wconf 84' lang='lat' dir='ltr'><strong>aemulationem</strong></span> <span class='ocrx_word' id='word_1_172' title='bbox 1158 2498 1240 2582; x_wconf 83' lang='lat' dir='ltr'><strong>legis</strong></span> <span class='ocrx_word' id='word_1_173' title='bbox 1256 2497 1475 2580; x_wconf 85' lang='lat' dir='ltr'><strong>interpreteris</strong></span> 
     </span>
     <span class='ocr_line' id='line_1_21' title="bbox 319 2601 1519 2684; baseline -0.001 -18"><span class='ocrx_word' id='word_1_174' title='bbox 319 2603 352 2666; x_wconf 93' lang='lat' dir='ltr'><strong>in</strong></span> <span class='ocrx_word' id='word_1_175' title='bbox 374 2602 438 2667; x_wconf 92' lang='lat' dir='ltr'><strong>isto</strong></span> <span class='ocrx_word' id='word_1_176' title='bbox 458 2603 554 2679; x_wconf 84' lang='lat' dir='ltr'><strong>lacto,</strong></span> <span class='ocrx_word' id='word_1_177' title='bbox 574 2602 659 2684; x_wconf 92' lang='lat' dir='ltr'><strong>quod</strong></span> <span class='ocrx_word' id='word_1_178' title='bbox 675 2604 746 2684; x_wconf 92' lang='lat' dir='ltr'><strong>ipse</strong></span> <span class='ocrx_word' id='word_1_179' title='bbox 766 2601 913 2669; x_wconf 90' lang='lat' dir='ltr'><strong>dominus</strong></span> <span class='ocrx_word' id='word_1_180' title='bbox 933 2622 970 2668; x_wconf 86' lang='lat' dir='ltr'><strong>ex</strong></span> <span class='ocrx_word' id='word_1_181' title='bbox 987 2602 1062 2669; x_wconf 91' lang='lat' dir='ltr'><strong>fidei</strong></span> <span class='ocrx_word' id='word_1_182' title='bbox 1079 2604 1332 2670; x_wconf 88' lang='lat' dir='ltr'><strong>remunemtione</strong></span> <span class='ocrx_word' id='word_1_183' title='bbox 1350 2603 1474 2668; x_wconf 89' lang='lat' dir='ltr'><strong>editum</strong></span> <span class='ocrx_word' id='word_1_184' title='bbox 1491 2626 1519 2665; x_wconf 73' lang='lat' dir='ltr'><strong>eo</strong></span> 
     </span>
     <span class='ocr_line' id='line_1_22' title="bbox 322 2707 1475 2794; baseline 0.001 -20"><span class='ocrx_word' id='word_1_185' title='bbox 322 2709 485 2774; x_wconf 82' lang='lat' dir='ltr'><strong>ostendit?</strong></span> <span class='ocrx_word' id='word_1_186' title='bbox 522 2707 578 2776; x_wconf 89' lang='lat' dir='ltr'><strong>sed</strong></span> <span class='ocrx_word' id='word_1_187' title='bbox 605 2709 686 2774; x_wconf 90' lang='lat' dir='ltr'><strong>hanc</strong></span> <span class='ocrx_word' id='word_1_188' title='bbox 715 2709 764 2774; x_wconf 89' lang='lat' dir='ltr'><strong>uie</strong></span> <span class='ocrx_word' id='word_1_189' title='bbox 793 2709 938 2776; x_wconf 85' lang='lat' dir='ltr'><strong>mulieris</strong></span> <span class='ocrx_word' id='word_1_190' title='bbox 961 2709 1055 2774; x_wconf 87' lang='lat' dir='ltr'><strong>fidem</strong></span> <span class='ocrx_word' id='word_1_191' title='bbox 1081 2711 1285 2790; x_wconf 87' lang='lat' dir='ltr'><strong>constituere,</strong></span> <span class='ocrx_word' id='word_1_192' title='bbox 1314 2729 1379 2794; x_wconf 89' lang='lat' dir='ltr'><strong>qua</strong></span> <span class='ocrx_word' id='word_1_193' title='bbox 1400 2729 1475 2777; x_wconf 90' lang='lat' dir='ltr'><strong>cou-</strong></span> 
     </span>
     <span class='ocr_line' id='line_1_23' title="bbox 321 2816 1475 2899; baseline 0.002 -19"><span class='ocrx_word' id='word_1_194' title='bbox 321 2819 495 2899; x_wconf 90' lang='lat' dir='ltr'><strong>tempserat</strong></span> <span class='ocrx_word' id='word_1_195' title='bbox 525 2817 640 2899; x_wconf 87' lang='lat' dir='ltr'><strong>legem.</strong></span> <span class='ocrx_word' id='word_1_196' title='bbox 670 2819 703 2880; x_wconf 93' lang='lat' dir='ltr'><strong>et</strong></span> <span class='ocrx_word' id='word_1_197' title='bbox 730 2816 782 2880; x_wconf 93' lang='lat' dir='ltr'><strong>cui</strong></span> <span class='ocrx_word' id='word_1_198' title='bbox 811 2816 972 2893; x_wconf 86' lang='lat' dir='ltr'><strong>credibile,</strong></span> <span class='ocrx_word' id='word_1_199' title='bbox 1001 2820 1038 2880; x_wconf 88' lang='lat' dir='ltr'><strong>ut</strong></span> <span class='ocrx_word' id='word_1_200' title='bbox 1070 2817 1184 2882; x_wconf 89' lang='lat' dir='ltr'><strong>mulier</strong></span> <span class='ocrx_word' id='word_1_201' title='bbox 1215 2817 1337 2884; x_wconf 88' lang='lat' dir='ltr'><strong>nullius</strong></span> <span class='ocrx_word' id='word_1_202' title='bbox 1368 2817 1475 2882; x_wconf 84' lang='lat' dir='ltr'><strong>adhuc</strong></span> 
     </span>
     <span class='ocr_line' id='line_1_24' title="bbox 322 2921 1474 3016; baseline -0.001 -29"><span class='ocrx_word' id='word_1_203' title='bbox 322 2922 430 3006; x_wconf 80' lang='lat' dir='ltr'><strong>(noui)</strong></span> <span class='ocrx_word' id='word_1_204' title='bbox 453 2921 504 2986; x_wconf 90' lang='lat' dir='ltr'><strong>dei</strong></span> <span class='ocrx_word' id='word_1_205' title='bbox 528 2923 665 2999; x_wconf 84' lang='lat' dir='ltr'><strong>conscia,</strong></span> <span class='ocrx_word' id='word_1_206' title='bbox 689 2922 810 2988; x_wconf 89' lang='lat' dir='ltr'><strong>nullius</strong></span> <span class='ocrx_word' id='word_1_207' title='bbox 834 2923 938 2988; x_wconf 86' lang='lat' dir='ltr'><strong>adhuc</strong></span> <span class='ocrx_word' id='word_1_208' title='bbox 966 2941 1068 3016; x_wconf 80' lang='lat' dir='ltr'><strong>nouae</strong></span> <span class='ocrx_word' id='word_1_209' title='bbox 1097 2922 1178 3008; x_wconf 86' lang='lat' dir='ltr'><strong>legis</strong></span> <span class='ocrx_word' id='word_1_210' title='bbox 1204 2922 1341 2988; x_wconf 87' lang='lat' dir='ltr'><strong>initiata.</strong></span> <span class='ocrx_word' id='word_1_211' title='bbox 1368 2924 1474 3010; x_wconf 88' lang='lat' dir='ltr'><strong>legem</strong></span> 
     </span>
     <span class='ocr_line' id='line_1_25' title="bbox 320 3028 1474 3114; baseline -0.002 -18"><span class='ocrx_word' id='word_1_212' title='bbox 320 3031 519 3112; x_wconf 85' lang='lat' dir='ltr'><strong>inrumperet</strong></span> <span class='ocrx_word' id='word_1_213' title='bbox 533 3047 613 3108; x_wconf 86' lang='lat' dir='ltr'><strong>eam,</strong></span> <span class='ocrx_word' id='word_1_214' title='bbox 633 3029 684 3094; x_wconf 92' lang='lat' dir='ltr'><strong>cui</strong></span> <span class='ocrx_word' id='word_1_215' title='bbox 700 3028 802 3094; x_wconf 89' lang='lat' dir='ltr'><strong>adhuc</strong></span> <span class='ocrx_word' id='word_1_216' title='bbox 817 3029 1005 3094; x_wconf 80' lang='lat' dir='ltr'><strong>tenebatur?</strong></span> <span class='ocrx_word' id='word_1_217' title='bbox 1020 3049 1083 3113; x_wconf 91' lang='lat' dir='ltr'><strong>qua</strong></span> <span class='ocrx_word' id='word_1_218' title='bbox 1097 3029 1232 3112; x_wconf 87' lang='lat' dir='ltr'><strong>denique</strong></span> <span class='ocrx_word' id='word_1_219' title='bbox 1250 3029 1312 3094; x_wconf 86' lang='lat' dir='ltr'><strong>tide</strong></span> <span class='ocrx_word' id='word_1_220' title='bbox 1330 3031 1474 3114; x_wconf 78' lang='lat' dir='ltr'><strong>inrupit?</strong></span> 
     </span>
     <span class='ocr_line' id='line_1_26' title="bbox 322 3136 1520 3218; baseline -0.002 -16"><span class='ocrx_word' id='word_1_221' title='bbox 322 3137 353 3202; x_wconf 90' lang='lat' dir='ltr'><strong>in</strong></span> <span class='ocrx_word' id='word_1_222' title='bbox 383 3155 478 3218; x_wconf 91' lang='lat' dir='ltr'><strong>quem</strong></span> <span class='ocrx_word' id='word_1_223' title='bbox 506 3137 601 3202; x_wconf 91' lang='lat' dir='ltr'><strong>deum</strong></span> <span class='ocrx_word' id='word_1_224' title='bbox 631 3136 783 3202; x_wconf 81' lang='lat' dir='ltr'><strong>credens?</strong></span> <span class='ocrx_word' id='word_1_225' title='bbox 811 3137 864 3200; x_wconf 92' lang='lat' dir='ltr'><strong>cui</strong></span> <span class='ocrx_word' id='word_1_226' title='bbox 887 3155 1036 3218; x_wconf 88' lang='lat' dir='ltr'><strong>spernens</strong></span> <span class='ocrx_word' id='word_1_227' title='bbox 1061 3140 1255 3202; x_wconf 79' lang='lat' dir='ltr'><strong>creatorem?</strong></span> <span class='ocrx_word' id='word_1_228' title='bbox 1280 3141 1366 3201; x_wconf 90' lang='lat' dir='ltr'><strong>certe</strong></span> <span class='ocrx_word' id='word_1_229' title='bbox 1390 3137 1472 3202; x_wconf 89' lang='lat' dir='ltr'><strong>enirn</strong></span> <span class='ocrx_word' id='word_1_230' title='bbox 1492 3159 1520 3200; x_wconf 76' lang='lat' dir='ltr'><strong>ss</strong></span> 
     </span>
     <span class='ocr_line' id='line_1_27' title="bbox 323 3241 1473 3327; baseline 0.002 -20"><span class='ocrx_word' id='word_1_231' title='bbox 323 3261 359 3307; x_wconf 86' lang='lat' dir='ltr'><strong>er</strong></span> <span class='ocrx_word' id='word_1_232' title='bbox 377 3241 439 3308; x_wconf 91' lang='lat' dir='ltr'><strong>fide</strong></span> <span class='ocrx_word' id='word_1_233' title='bbox 458 3243 576 3326; x_wconf 86' lang='lat' dir='ltr'><strong>tetigit.</strong></span> <span class='ocrx_word' id='word_1_234' title='bbox 597 3241 625 3308; x_wconf 91' lang='lat' dir='ltr'><strong>si</strong></span> <span class='ocrx_word' id='word_1_235' title='bbox 644 3260 683 3307; x_wconf 84' lang='lat' dir='ltr'><strong>ex</strong></span> <span class='ocrx_word' id='word_1_236' title='bbox 703 3241 763 3307; x_wconf 88' lang='lat' dir='ltr'><strong>fide</strong></span> <span class='ocrx_word' id='word_1_237' title='bbox 784 3242 946 3321; x_wconf 87' lang='lat' dir='ltr'><strong>creatoris,</strong></span> <span class='ocrx_word' id='word_1_238' title='bbox 962 3262 1044 3326; x_wconf 88' lang='lat' dir='ltr'><strong>quae</strong></span> <span class='ocrx_word' id='word_1_239' title='bbox 1063 3242 1162 3307; x_wconf 84' lang='lat' dir='ltr'><strong>alium</strong></span> <span class='ocrx_word' id='word_1_240' title='bbox 1182 3242 1277 3308; x_wconf 89' lang='lat' dir='ltr'><strong>deum</strong></span> <span class='ocrx_word' id='word_1_241' title='bbox 1295 3243 1473 3327; x_wconf 74' lang='lat' dir='ltr'><strong>ignorabat</strong></span> 
     </span>
     <span class='ocr_line' id='line_1_28' title="bbox 322 3348 1472 3433; baseline 0.002 -20"><span class='ocrx_word' id='word_1_242' title='bbox 322 3348 481 3432; x_wconf 91' lang='lat' dir='ltr'><strong>quomodo</strong></span> <span class='ocrx_word' id='word_1_243' title='bbox 510 3350 612 3433; x_wconf 86' lang='lat' dir='ltr'><strong>legem</strong></span> <span class='ocrx_word' id='word_1_244' title='bbox 648 3349 716 3414; x_wconf 89' lang='lat' dir='ltr'><strong>eius</strong></span> <span class='ocrx_word' id='word_1_245' title='bbox 745 3349 887 3433; x_wconf 81' lang='lat' dir='ltr'><strong>inrupit?</strong></span> <span class='ocrx_word' id='word_1_246' title='bbox 915 3352 982 3413; x_wconf 91' lang='lat' dir='ltr'><strong>tam</strong></span> <span class='ocrx_word' id='word_1_247' title='bbox 1010 3349 1095 3414; x_wconf 90' lang='lat' dir='ltr'><strong>enim</strong></span> <span class='ocrx_word' id='word_1_248' title='bbox 1123 3350 1252 3432; x_wconf 84' lang='lat' dir='ltr'><strong>inrupit,</strong></span> <span class='ocrx_word' id='word_1_249' title='bbox 1285 3349 1314 3414; x_wconf 91' lang='lat' dir='ltr'><strong>si</strong></span> <span class='ocrx_word' id='word_1_250' title='bbox 1342 3349 1472 3433; x_wconf 87' lang='lat' dir='ltr'><strong>inrupit.</strong></span> 
     </span>
    </p>
   </div>
   <div class='ocr_carea' id='block_1_3' title="bbox 324 3468 1473 3629">
    <p class='ocr_par' dir='ltr' id='par_1_3' title="bbox 324 3468 1473 3629">
     <span class='ocr_line' id='line_1_29' title="bbox 413 3468 1473 3540; baseline -0.002 -14"><span class='ocrx_word' id='word_1_251' title='bbox 413 3471 439 3540; x_wconf 79' lang='lat'><strong>5]</strong></span> <span class='ocrx_word' id='word_1_252' title='bbox 462 3471 495 3526; x_wconf 87' lang='lat' dir='ltr'><strong>cl.</strong></span> <span class='ocrx_word' id='word_1_253' title='bbox 514 3470 579 3524; x_wconf 88' lang='lat' dir='ltr'><strong>Luc.</strong></span> <span class='ocrx_word' id='word_1_254' title='bbox 592 3471 627 3538; x_wconf 58' lang='grc'><strong>,8,</strong></span> <span class='ocrx_word' id='word_1_255' title='bbox 645 3470 761 3526; x_wconf 82' lang='lat'>43—48.</span> <span class='ocrx_word' id='word_1_256' title='bbox 875 3471 903 3539; x_wconf 85' lang='grc'><strong>6]</strong></span> <span class='ocrx_word' id='word_1_257' title='bbox 922 3468 987 3525; x_wconf 88' lang='lat' dir='ltr'><strong>Luc.</strong></span> <span class='ocrx_word' id='word_1_258' title='bbox 1005 3473 1031 3540; x_wconf 87' lang='lat'><strong>8,</strong></span> <span class='ocrx_word' id='word_1_259' title='bbox 1049 3470 1094 3524; x_wconf 83' lang='lat'><strong>45.</strong></span> <span class='ocrx_word' id='word_1_260' title='bbox 1202 3469 1365 3540; x_wconf 73' lang='lat' dir='ltr'><strong>7—91Luc</strong></span> <span class='ocrx_word' id='word_1_261' title='bbox 1384 3471 1411 3535; x_wconf 87' lang='grc'><strong>8,</strong></span> <span class='ocrx_word' id='word_1_262' title='bbox 1428 3473 1473 3526; x_wconf 80' lang='lat'><strong>46.</strong></span> 
     </span>
     <span class='ocr_line' id='line_1_30' title="bbox 324 3557 1277 3629; baseline -0.002 -15"><span class='ocrx_word' id='word_1_263' title='bbox 324 3559 368 3629; x_wconf 85' lang='grc'>12]</span> <span class='ocrx_word' id='word_1_264' title='bbox 389 3557 455 3612; x_wconf 87' lang='lat' dir='ltr'><strong>Gen.</strong></span> <span class='ocrx_word' id='word_1_265' title='bbox 475 3561 500 3622; x_wconf 83' lang='lat'><strong>3,</strong></span> <span class='ocrx_word' id='word_1_266' title='bbox 521 3561 545 3613; x_wconf 91' lang='grc'><strong>9.</strong></span> <span class='ocrx_word' id='word_1_267' title='bbox 603 3560 646 3628; x_wconf 84' lang='grc'><strong>151</strong></span> <span class='ocrx_word' id='word_1_268' title='bbox 667 3559 700 3613; x_wconf 85' lang='lat' dir='ltr'><strong>cf.</strong></span> <span class='ocrx_word' id='word_1_269' title='bbox 719 3561 785 3614; x_wconf 89' lang='lat' dir='ltr'><strong>Len.</strong></span> <span class='ocrx_word' id='word_1_270' title='bbox 807 3561 848 3627; x_wconf 86' lang='lat'><strong>15,</strong></span> <span class='ocrx_word' id='word_1_271' title='bbox 870 3561 983 3615; x_wconf 83' lang='grc'>19-24.</span> <span class='ocrx_word' id='word_1_272' title='bbox 1040 3561 1085 3628; x_wconf 78' lang='grc'>18]</span> <span class='ocrx_word' id='word_1_273' title='bbox 1104 3559 1169 3615; x_wconf 88' lang='lat' dir='ltr'><strong>Luc.</strong></span> <span class='ocrx_word' id='word_1_274' title='bbox 1188 3562 1214 3624; x_wconf 86' lang='grc'><strong>8,</strong></span> <span class='ocrx_word' id='word_1_275' title='bbox 1232 3560 1277 3614; x_wconf 81' lang='grc'><strong>48.</strong></span> 
     </span>
    </p>
   </div>
   <div class='ocr_carea' id='block_1_4' title="bbox 322 3665 1476 4361">
    <p class='ocr_par' dir='ltr' id='par_1_4' title="bbox 322 3665 1476 4361">
     <span class='ocr_line' id='line_1_31' title="bbox 360 3665 1472 3739; baseline 0.002 -19"><span class='ocrx_word' id='word_1_276' title='bbox 360 3665 624 3726; x_wconf 64' lang='lat' dir='ltr'><strong>lecoufirmanitM</strong></span> <span class='ocrx_word' id='word_1_277' title='bbox 671 3665 1183 3737; x_wconf 59' lang='lat' dir='ltr'><strong>adcognoueruntdsscoguousruntR</strong></span> <span class='ocrx_word' id='word_1_278' title='bbox 1227 3667 1472 3739; x_wconf 69' lang='lat' dir='ltr'><strong>2iudicisecsipsi:</strong></span> 
     </span>
     <span class='ocr_line' id='line_1_32' title="bbox 322 3755 1473 3829; baseline 0.002 -19"><span class='ocrx_word' id='word_1_279' title='bbox 322 3755 440 3810; x_wconf 90' lang='lat' dir='ltr'><strong>iudicem</strong></span> <span class='ocrx_word' id='word_1_280' title='bbox 454 3755 517 3812; x_wconf 77' lang='lat' dir='ltr'><strong>Ma</strong></span> <span class='ocrx_word' id='word_1_281' title='bbox 568 3757 584 3810; x_wconf 83' lang='lat'><strong>3</strong></span> <span class='ocrx_word' id='word_1_282' title='bbox 595 3757 778 3826; x_wconf 79' lang='lat' dir='ltr'><strong>parenthesin</strong></span> <span class='ocrx_word' id='word_1_283' title='bbox 791 3757 933 3813; x_wconf 78' lang='lat' dir='ltr'><strong>indicauit</strong></span> <span class='ocrx_word' id='word_1_284' title='bbox 947 3757 1013 3828; x_wconf 71' lang='lat' dir='ltr'><strong>Eerp</strong></span> <span class='ocrx_word' id='word_1_285' title='bbox 1067 3757 1097 3812; x_wconf 94' lang='lat'><strong>11</strong></span> <span class='ocrx_word' id='word_1_286' title='bbox 1114 3757 1273 3827; x_wconf 80' lang='lat' dir='ltr'><strong>reprobaret</strong></span> <span class='ocrx_word' id='word_1_287' title='bbox 1285 3758 1399 3826; x_wconf 78' lang='lat' dir='ltr'><strong>scripsi.-</strong></span> <span class='ocrx_word' id='word_1_288' title='bbox 1412 3775 1473 3829; x_wconf 88' lang='lat' dir='ltr'><strong>pro·</strong></span> 
     </span>
     <span class='ocr_line' id='line_1_33' title="bbox 323 3845 1474 3918; baseline 0.003 -20"><span class='ocrx_word' id='word_1_289' title='bbox 323 3845 402 3899; x_wconf 81' lang='lat' dir='ltr'><strong>beret</strong></span> <span class='ocrx_word' id='word_1_290' title='bbox 415 3845 478 3900; x_wconf 77' lang='lat' dir='ltr'><strong>MR</strong></span> <span class='ocrx_word' id='word_1_291' title='bbox 517 3845 550 3898; x_wconf 86' lang='lat'><strong>12</strong></span> <span class='ocrx_word' id='word_1_292' title='bbox 565 3849 670 3900; x_wconf 86' lang='lat' dir='ltr'><strong>creator</strong></span> <span class='ocrx_word' id='word_1_293' title='bbox 686 3845 786 3900; x_wconf 81' lang='lat' dir='ltr'><strong>addidi</strong></span> <span class='ocrx_word' id='word_1_294' title='bbox 802 3847 848 3913; x_wconf 77' lang='lat' dir='ltr'><strong>(cf.</strong></span> <span class='ocrx_word' id='word_1_295' title='bbox 864 3847 882 3900; x_wconf 88' lang='grc'>1.</span> <span class='ocrx_word' id='word_1_296' title='bbox 898 3851 917 3901; x_wconf 86' lang='grc'><strong><em>3</em></strong></span> <span class='ocrx_word' id='word_1_297' title='bbox 931 3849 1016 3914; x_wconf 84' lang='lat' dir='ltr'><strong>et13)</strong></span> <span class='ocrx_word' id='word_1_298' title='bbox 1055 3847 1089 3902; x_wconf 77' lang='lat'><strong>14</strong></span> <span class='ocrx_word' id='word_1_299' title='bbox 1104 3863 1158 3915; x_wconf 86' lang='lat' dir='ltr'><strong>qua</strong></span> <span class='ocrx_word' id='word_1_300' title='bbox 1168 3847 1249 3916; x_wconf 77' lang='lat' dir='ltr'><strong>Enq:</strong></span> <span class='ocrx_word' id='word_1_301' title='bbox 1262 3847 1310 3916; x_wconf 92' lang='lat' dir='ltr'><strong>qui</strong></span> <span class='ocrx_word' id='word_1_302' title='bbox 1323 3847 1396 3916; x_wconf 82' lang='lat' dir='ltr'><strong>MR,</strong></span> <span class='ocrx_word' id='word_1_303' title='bbox 1410 3849 1474 3918; x_wconf 79' lang='lat' dir='ltr'><strong>quia</strong></span> 
     </span>
     <span class='ocr_line' id='line_1_34' title="bbox 324 3933 1474 4005; baseline -0.001 -15"><span class='ocrx_word' id='word_1_304' title='bbox 324 3933 484 4004; x_wconf 79' lang='lat' dir='ltr'><strong>Leopoldus</strong></span> <span class='ocrx_word' id='word_1_305' title='bbox 521 3935 555 3990; x_wconf 84' lang='lat'><strong>15</strong></span> <span class='ocrx_word' id='word_1_306' title='bbox 570 3935 759 4003; x_wconf 86' lang='lat' dir='ltr'><strong>sanguinantis</strong></span> <span class='ocrx_word' id='word_1_307' title='bbox 773 3934 890 3989; x_wconf 83' lang='lat' dir='ltr'><strong>feminae</strong></span> <span class='ocrx_word' id='word_1_308' title='bbox 899 3935 943 4001; x_wconf 81' lang='lat' dir='ltr'><strong>M,</strong></span> <span class='ocrx_word' id='word_1_309' title='bbox 958 3935 1075 3990; x_wconf 86' lang='lat' dir='ltr'><strong>feminee</strong></span> <span class='ocrx_word' id='word_1_310' title='bbox 1087 3935 1317 4005; x_wconf 78' lang='lat' dir='ltr'><strong>sanguinantisR</strong></span> <span class='ocrx_word' id='word_1_311' title='bbox 1354 3937 1387 3990; x_wconf 90' lang='lat'><strong>16</strong></span> <span class='ocrx_word' id='word_1_312' title='bbox 1400 3937 1474 3991; x_wconf 81' lang='lat' dir='ltr'><strong>sani·</strong></span> 
     </span>
     <span class='ocr_line' id='line_1_35' title="bbox 322 4022 1474 4094; baseline 0.001 -17"><span class='ocrx_word' id='word_1_313' title='bbox 322 4029 409 4078; x_wconf 89' lang='lat' dir='ltr'><strong>tatem</strong></span> <span class='ocrx_word' id='word_1_314' title='bbox 419 4023 455 4092; x_wconf 86' lang='lat' dir='ltr'><strong>R,</strong></span> <span class='ocrx_word' id='word_1_315' title='bbox 471 4023 589 4078; x_wconf 84' lang='lat' dir='ltr'><strong>sanitate</strong></span> <span class='ocrx_word' id='word_1_316' title='bbox 599 4022 636 4078; x_wconf 87' lang='lat' dir='ltr'><strong><em>M</em></strong></span> <span class='ocrx_word' id='word_1_317' title='bbox 647 4026 672 4091; x_wconf 92' lang='lat' dir='ltr'><strong>(e</strong></span> <span class='ocrx_word' id='word_1_318' title='bbox 687 4023 718 4078; x_wconf 82' lang='lat' dir='ltr'><strong>in</strong></span> <span class='ocrx_word' id='word_1_319' title='bbox 730 4028 809 4091; x_wconf 76' lang='lat' dir='ltr'><strong>rae),</strong></span> <span class='ocrx_word' id='word_1_320' title='bbox 819 4024 938 4078; x_wconf 88' lang='lat' dir='ltr'><strong>sanitate</strong></span> <span class='ocrx_word' id='word_1_321' title='bbox 951 4025 1049 4094; x_wconf 82' lang='lat' dir='ltr'><strong>(earn)</strong></span> <span class='ocrx_word' id='word_1_322' title='bbox 1058 4025 1125 4092; x_wconf 76' lang='lat' dir='ltr'><strong>fort.</strong></span> <span class='ocrx_word' id='word_1_323' title='bbox 1161 4025 1196 4080; x_wconf 83' lang='lat'><strong>23</strong></span> <span class='ocrx_word' id='word_1_324' title='bbox 1210 4025 1276 4078; x_wconf 90' lang='lat' dir='ltr'><strong>uoui</strong></span> <span class='ocrx_word' id='word_1_325' title='bbox 1289 4023 1399 4089; x_wconf 75' lang='lat' dir='ltr'><strong>addidi,</strong></span> <span class='ocrx_word' id='word_1_326' title='bbox 1409 4026 1474 4094; x_wconf 70' lang='lat' dir='ltr'><strong>Eup</strong></span> 
     </span>
     <span class='ocr_line' id='line_1_36' title="bbox 323 4112 1475 4184; baseline 0.002 -18"><span class='ocrx_word' id='word_1_327' title='bbox 323 4112 433 4166; x_wconf 72' lang='lat' dir='ltr'><strong>roumalt</strong></span> <span class='ocrx_word' id='word_1_328' title='bbox 449 4127 538 4184; x_wconf 73' lang='lat' dir='ltr'><strong>saepta</strong></span> <span class='ocrx_word' id='word_1_329' title='bbox 555 4113 694 4181; x_wconf 80' lang='lat' dir='ltr'><strong>supplere:</strong></span> <span class='ocrx_word' id='word_1_330' title='bbox 713 4112 815 4166; x_wconf 90' lang='lat' dir='ltr'><strong>nullius</strong></span> <span class='ocrx_word' id='word_1_331' title='bbox 830 4113 939 4182; x_wconf 85' lang='lat' dir='ltr'><strong>(alius)</strong></span> <span class='ocrx_word' id='word_1_332' title='bbox 955 4115 1002 4183; x_wconf 67' lang='lat' dir='ltr'><strong>(es.</strong></span> <span class='ocrx_word' id='word_1_333' title='bbox 1021 4112 1039 4167; x_wconf 92' lang='grc'>1.</span> <span class='ocrx_word' id='word_1_334' title='bbox 1059 4115 1110 4179; x_wconf 80' lang='grc'><strong>26)</strong></span> <span class='ocrx_word' id='word_1_335' title='bbox 1177 4113 1212 4167; x_wconf 81' lang='grc'><strong>25</strong></span> <span class='ocrx_word' id='word_1_336' title='bbox 1231 4114 1274 4168; x_wconf 82' lang='lat' dir='ltr'><strong>cui</strong></span> <span class='ocrx_word' id='word_1_337' title='bbox 1291 4116 1337 4182; x_wconf 89' lang='lat'><strong>(=</strong></span> <span class='ocrx_word' id='word_1_338' title='bbox 1355 4129 1423 4168; x_wconf 80' lang='lat' dir='ltr'><strong>wem</strong></span> <span class='ocrx_word' id='word_1_339' title='bbox 1437 4131 1475 4168; x_wconf 75' lang='lat' dir='ltr'><strong>tus</strong></span> 
     </span>
     <span class='ocr_line' id='line_1_37' title="bbox 324 4201 1473 4273; baseline 0 -17"><span class='ocrx_word' id='word_1_340' title='bbox 324 4201 418 4266; x_wconf 80' lang='lat' dir='ltr'><strong>Liebe)</strong></span> <span class='ocrx_word' id='word_1_341' title='bbox 429 4219 558 4273; x_wconf 88' lang='lat' dir='ltr'><strong>spernens</strong></span> <span class='ocrx_word' id='word_1_342' title='bbox 568 4207 716 4256; x_wconf 88' lang='lat' dir='ltr'><strong>creatorem</strong></span> <span class='ocrx_word' id='word_1_343' title='bbox 726 4202 768 4266; x_wconf 89' lang='lat' dir='ltr'><strong>M,</strong></span> <span class='ocrx_word' id='word_1_344' title='bbox 784 4219 864 4270; x_wconf 91' lang='lat' dir='ltr'><strong>quem</strong></span> <span class='ocrx_word' id='word_1_345' title='bbox 878 4201 1026 4272; x_wconf 75' lang='lat' dir='ltr'><strong>spernens?</strong></span> <span class='ocrx_word' id='word_1_346' title='bbox 1041 4202 1319 4272; x_wconf 75' lang='lat' dir='ltr'><strong>creatoremRuulqe</strong></span> <span class='ocrx_word' id='word_1_347' title='bbox 1354 4203 1391 4256; x_wconf 81' lang='grc'>21</span> <span class='ocrx_word' id='word_1_348' title='bbox 1405 4219 1473 4272; x_wconf 87' lang='lat' dir='ltr'><strong>quo·</strong></span> 
     </span>
     <span class='ocr_line' id='line_1_38' title="bbox 324 4288 1476 4361; baseline 0.001 -18"><span class='ocrx_word' id='word_1_349' title='bbox 324 4288 403 4343; x_wconf 89' lang='lat' dir='ltr'><strong>modo</strong></span> <span class='ocrx_word' id='word_1_350' title='bbox 422 4290 535 4360; x_wconf 70' lang='lat' dir='ltr'><strong>scripsi:</strong></span> <span class='ocrx_word' id='word_1_351' title='bbox 553 4293 581 4345; x_wconf 90' lang='lat' dir='ltr'><strong>et</strong></span> <span class='ocrx_word' id='word_1_352' title='bbox 600 4291 734 4360; x_wconf 89' lang='lat' dir='ltr'><strong>quomodo</strong></span> <span class='ocrx_word' id='word_1_353' title='bbox 749 4291 819 4355; x_wconf 76' lang='lat' dir='ltr'><strong>Mle,</strong></span> <span class='ocrx_word' id='word_1_354' title='bbox 840 4291 1006 4361; x_wconf 88' lang='lat' dir='ltr'><strong>ecquomodo</strong></span> <span class='ocrx_word' id='word_1_355' title='bbox 1023 4291 1156 4347; x_wconf 76' lang='lat' dir='ltr'><strong>Oelrlms</strong></span> <span class='ocrx_word' id='word_1_356' title='bbox 1206 4294 1264 4344; x_wconf 87' lang='lat' dir='ltr'><strong>tarn</strong></span> <span class='ocrx_word' id='word_1_357' title='bbox 1276 4290 1314 4358; x_wconf 87' lang='lat' dir='ltr'><strong>R,</strong></span> <span class='ocrx_word' id='word_1_358' title='bbox 1332 4296 1426 4346; x_wconf 66' lang='lat' dir='ltr'><strong>mareu</strong></span> <span class='ocrx_word' id='word_1_359' title='bbox 1438 4291 1476 4344; x_wconf 82' lang='grc' dir='ltr'><em>Μ</em></span> 
     </span>
    </p>
   </div>
   <div class='ocr_carea' id='block_1_5' title="bbox 0 0 1639 4959">
    <p class='ocr_par' dir='ltr' id='par_1_5' title="bbox 0 0 1639 4959">
     <span class='ocr_line' id='line_1_39' title="bbox 0 0 1639 4959; baseline 0 0"><span class='ocrx_word' id='word_1_360' title='bbox 0 0 1639 4959; x_wconf 95' lang='lat' dir='ltr'><strong> </strong></span> 
     </span>
    </p>
   </div>
  </div>
 </body>
</html>
