3250 4959
312 405 376 468 456
538 403 654 468 Quinti
673 404 815 474 Septimi
834 403 1004 460 Florentia
1022 406 1228 461 Tertulliani

313 617 393 680 qliae
431 599 498 662 sinc
537 598 587 662 dei
623 599 736 664 timore
774 601 953 665 celebrabat
988 601 1136 684 populus,
1173 604 1286 685 plenus
1320 603 1457 677 delictis,

312 704 406 768 labiis
436 705 530 769 deum
560 705 706 790 diligens,
738 727 798 771 non
824 708 926 784 corde,
956 709 1023 771 suis
1052 709 1206 780 sabbatis,
1228 709 1262 772 id
1290 713 1342 772 est
1365 729 1459 792 quae-

313 829 447 892 cumque
477 811 644 894 disciplina
673 813 741 877 eins
772 817 949 898 agerentur,
983 815 1080 879 alium
1109 818 1228 879 statum
1257 816 1351 880 lecit:
1379 837 1460 899 quae

312 937 368 1000 per
396 919 528 983 eundem
558 923 669 1003 postea
696 922 871 1003 propheten
899 941 975 985 ruera
1003 925 1035 985 et
1057 922 1194 987 delicata
1216 925 1249 986 et
1271 941 1333 986 non
1357 924 1461 1004 proi-

312 1026 415 1090 nanda
438 1028 629 1109 pronuntiat.
654 1029 698 1091 ita
716 1047 774 1093 uec
794 1028 940 1094 Christus
960 1030 1087 1094 oruuiuo
1107 1031 1276 1094 sabbatum
1296 1030 1460 1104 rescindit,
1490 1053 1504 1090 s

313 1133 404 1197 curius
428 1121 532 1217 legem
557 1135 669 1210 tenuit,
696 1139 727 1198 et
751 1154 847 1218 supra
865 1135 896 1198 iu
917 1155 1013 1200 causa
1031 1137 1261 1218 discipulorum
1278 1156 1335 1220 pro
1356 1138 1462 1200 anima

313 1245 461 1323 operatus
490 1277 532 1286 -
560 1241 774 1305 esurientibus
802 1242 885 1305 euim
915 1243 1065 1307 solatium
1098 1243 1162 1307 cibi
1193 1243 1402 1307 indulsit-
1430 1249 1463 1307 et

312 1367 395 1412 nunc
414 1367 543 1412 manum
564 1347 683 1412 aridam
703 1367 825 1422 curans,
845 1350 938 1414 iactis
957 1350 1075 1432 ubique
1093 1351 1256 1434 ingerens:
1279 1369 1350 1414 non
1375 1351 1462 1415 ueni

313 1455 527 1518 ‹lissoluerc
550 1455 683 1538 legem,
709 1456 773 1520 sed
798 1456 1015 1538 adimplere,
1039 1457 1067 1522 si
1085 1457 1227 1521 Marcion
1250 1458 1309 1521 hac
1334 1476 1414 1521 uoce
1438 1478 1462 1520 e

314 1581 348 1625 os
378 1561 407 1625 ei
436 1562 602 1627 obstruxit.
637 1561 826 1644 adimpleuit
854 1564 938 1626 enim
967 1567 999 1627 et
1028 1563 1079 1627 hic
1105 1564 1222 1647 legem,
1255 1564 1332 1626 dum
1357 1564 1461 1628 condi·
1481 1589 1504 1626 o

314 1669 436 1732 cionem
460 1668 685 1751 interpretatur
704 1669 783 1743 eius,
808 1669 884 1733 dum
904 1689 1034 1753 operum
1053 1670 1260 1735 differentiam
1279 1672 1461 1736 inluminat.

315 1775 389 1839 dum
415 1775 491 1839 fucit
515 1793 594 1856 quae
617 1776 667 1839 len
691 1775 728 1840 de
752 1776 877 1840 sabbati
900 1777 987 1842 feriis
1012 1778 1137 1860 excipit,
1161 1777 1237 1841 dum
1260 1777 1369 1860 ipsum
1393 1778 1462 1841 sab·

312 1883 379 1946 bati
408 1881 491 1945 diem
518 1881 735 1946 benedictione
763 1884 862 1965 patris
891 1903 910 1946 a
936 1883 1106 1966 primordio
1140 1887 1286 1948 sanctum
1318 1884 1461 1948 beneiaa-

273 2065 275 2068 .
313 1990 397 2054 tione
427 2007 485 2052 sua
514 1988 611 2052 elficit
638 1989 837 2066 sanctiorem,
865 1991 897 2054 in
926 2009 988 2071 quo
1020 1991 1144 2054 scilicet
1172 1991 1281 2054 diuina
1302 1991 1462 2071 praesidia

286 2077 524 2172 ministrabat,
563 2094 646 2175 quod
680 2096 880 2160 aduersarius
914 2097 985 2161 aliis
1018 2097 1129 2162 diebus
1161 2097 1388 2180 praestitisset,
1423 2116 1499 2160 nera

314 2203 482 2267 sabbatum
507 2203 656 2267 creatoris
681 2207 814 2280 ornaret,
839 2223 877 2267 ne
902 2223 997 2286 opera
1019 2203 1126 2268 debita
1149 2205 1280 2269 sabbato
1304 2204 1459 2268 redderet

313 2310 345 2372 in
371 2328 431 2390 quo
456 2308 505 2372 die
531 2307 558 2372 si
582 2312 613 2372 et
635 2309 785 2374 Heliseus
809 2310 980 2391 prophetes
1009 2308 1218 2374 Sunamitidis
1246 2308 1351 2374 filium
1379 2331 1460 2374 mor·

313 2419 404 2479 tuum
429 2415 571 2478 restituit
593 2415 623 2479 in
643 2416 754 2492 uitam,
779 2413 882 2490 uides,
903 2415 1070 2479 Pharisaee
1088 2419 1188 2498 tuque
1206 2415 1361 2487 Marcion,
1386 2419 1460 2481 olim

315 2522 464 2586 creatoris
488 2540 558 2585 esse
583 2521 724 2585 sabbatis
748 2521 943 2595 benefacere,
972 2522 1108 2585 animam
1131 2523 1274 2600 liberare,
1302 2541 1367 2588 non
1395 2544 1460 2608 per-

315 2628 398 2702 dere,
429 2628 508 2692 nibil
537 2627 697 2693 Christum
726 2629 801 2692 noui
830 2629 988 2703 intulisse,
1018 2629 1101 2710 quod
1128 2647 1189 2694 non
1218 2630 1262 2693 sit
1288 2649 1325 2694 er
1348 2631 1459 2704 forrna,
1476 2654 1499 2692 n

315 2754 350 2798 er
373 2734 515 2810 lenitate,
540 2755 576 2798 er
594 2735 821 2812 misericordia,
847 2755 883 2799 er
900 2735 1134 2818 praedicatione
1152 2755 1278 2819 quoque
1298 2739 1460 2802 creatoris.

314 2860 385 2904 nam
406 2845 438 2904 et
457 2841 508 2905 hic
528 2841 673 2924 specialis
694 2841 868 2905 medicinae
885 2842 1084 2924 prophetiam
1098 2845 1327 2925 repraesentat:
1343 2843 1461 2907 inuale-

315 2951 408 3012 scunt
427 2967 540 3012 manus
565 2948 749 3026 dissolutae,
771 2948 857 3012 sieut
875 2952 908 3012 et
926 2967 1029 3033 genua
1048 2949 1205 3014 dissoluta
1223 2950 1254 3012 in
1273 2951 1461 3033 paralytico.

363 3055 412 3119 13.
443 3053 533 3120 Certe
563 3056 760 3139 euangelirat
789 3055 863 3120 Sion
892 3059 924 3119 et
951 3055 1150 3119 Hierusalem
1178 3073 1289 3137 pacem
1318 3061 1353 3120 et
1380 3057 1461 3120 bona

316 3162 429 3238 omniu,
455 3167 538 3226 certe
563 3163 705 3226 ascendit
726 3163 758 3225 in
783 3166 922 3226 montem
946 3166 979 3225 et
1001 3161 1068 3227 illic
1085 3165 1251 3245 pernoctat
1268 3163 1300 3226 in
1320 3164 1460 3228 oratione
1475 3182 1498 3226 a

316 3272 347 3333 et
371 3269 481 3351 utique
506 3269 633 3332 auditur
657 3287 675 3332 a
698 3271 795 3352 patre.
821 3269 935 3332 eurolue
957 3268 1056 3352 igitur
1079 3269 1249 3351 prophetas
1268 3273 1301 3333 et
1319 3270 1459 3335 ordinem

314 3379 419 3440 totum
451 3394 658 3459 recognosce:
687 3377 722 3438 in
757 3378 928 3452 montem,
960 3375 1075 3458 inquit,
1109 3377 1307 3454 excelsum,
1339 3375 1459 3446 Esaias,

316 3481 484 3554 ascende,
511 3481 573 3564 qui
599 3481 842 3564 euangelizas
868 3479 965 3557 Sion,
987 3481 1127 3545 extolle
1147 3500 1229 3546 cum
1247 3482 1384 3565 uigore
1403 3501 1460 3546 no·

316 3607 393 3652 cem
418 3593 529 3665 tuam,
555 3588 618 3670 qui
638 3587 881 3671 euangelizas
901 3587 1157 3652 Hierusalem:
1177 3587 1281 3652 adhuc
1298 3589 1332 3652 in
1352 3589 1459 3673 uigore

405 3745 432 3814 a]
453 3745 486 3800 cr.
506 3746 550 3798 as.
570 3747 612 3804 aa.
632 3746 674 3799 13.
729 3745 756 3814 4]
777 3745 811 3799 cr.
830 3744 876 3798 rs.
897 3747 939 3812 ss,
960 3746 1006 3808 ra
1026 3746 1070 3811 ae,
1088 3747 1113 3799 2.
1164 3745 1193 3814 s]
1213 3745 1248 3799 er.
1261 3745 1362 3799 maten.
1377 3749 1403 3802 s.
1420 3747 1458 3800 n.

316 3835 699 3906 incriminantes-ar.
738 3834 958 3903 supersessa.
996 3833 1240 3903 tuscanicum.
1277 3834 1460 3904 ammaus.

351 3960 364 4012 1
378 3959 534 4014 celebrabat
543 3958 784 4028 aertpst:celebrat
794 3958 856 4012 MR
891 3959 909 4012 4
925 3974 989 4011 uera
1002 3963 1031 4011 et
1040 3957 1087 4021 13³,
1096 3961 1224 4012 tenuerat
1232 3957 1307 4012 MR²
1363 3958 1461 4012 delicta

314 4049 353 4103 Ill
391 4051 407 4102 9
422 4050 444 4102 si
455 4049 524 4108 llll,
540 4065 589 4102 uec
605 4047 657 4100 Urs
712 4048 844 4100 lacunam
856 4047 984 4115 marei:
996 4047 1134 4100 eradicata
1146 4047 1192 4100 uel
1203 4064 1280 4100 erasa
1293 4047 1461 4101 intercidisse

313 4145 381 4206 pulo
401 4140 447 4206 (es.
469 4143 536 4204 434,
557 4141 610 4202 23,·
631 4140 698 4196 444,
719 4139 819 4202 8-12)
875 4136 906 4189 li
928 4135 991 4188 dum
1011 4152 1062 4190 om.
1080 4136 1209 4190 oehlerus
1263 4137 1297 4189 17
1315 4136 1460 4206 prophetes

315 4227 362 4292 Rl,
382 4227 530 4296 prophetae
550 4225 622 4280 MR¹
663 4225 694 4278 18
714 4225 824 4278 uituli
875 4224 1050 4294 phariseeM
1083 4225 1118 4278 27
1131 4223 1230 4295 iuquit,
1245 4225 1379 4279 excelsum
1393 4223 1458 4290 llll,

316 4315 457 4376 excelsum,
478 4315 568 4384 inquit
590 4314 641 4368 Ger
