3250 4959
338 363 397 418 VII.
417 365 582 420 Aduersus
601 365 800 420 Marcionem
819 368 866 420 lib.
886 368 899 421 1
920 369 1032 422 17-18.
1196 375 1259 436 313

95 562 157 622 aut
187 579 255 623 non
282 561 388 640 potuit
415 565 470 624 aut
493 562 606 627 noluit.
645 563 749 627 omnia
772 564 849 628 haec
874 563 930 628 deo
963 563 1101 649 indigua,
1126 566 1260 630 maxime

96 667 244 748 optimo.
289 667 343 729 sed
377 671 410 731 et
438 669 521 731 lruuo
551 670 654 732 locum
684 670 761 734 alibi
790 669 994 752 implebimus
1024 673 1259 753 exprobratione

96 793 195 836 serae
221 775 437 850 reuelationis.
463 777 547 839 sicut
571 796 653 839 nunc
678 777 745 853 sola
770 779 1047 843 demonstratione.

147 881 208 943 18.
236 879 442 955 Processerit‚
467 899 535 964 age,
558 881 672 944 iamin
694 882 839 944 notitiam
860 883 983 964 quando
1004 885 1115 956 uoluit,
1136 884 1260 965 quando

67 987 229 1065 apotnit,
253 986 378 1067 quando
398 986 474 1050 bora
492 988 598 1050 fatalis
623 987 761 1052 aduenit.
799 990 936 1052 fortasse
961 989 1042 1053 enim
1069 991 1258 1055 anabibazon

98 1094 128 1154 ei
171 1093 328 1156 obstabat
360 1097 416 1156 aut
452 1094 575 1174 aliquae
608 1095 770 1158 maleficae
804 1100 860 1160 aut
896 1095 1051 1160 Saturnus
1085 1097 1257 1179 quadratus

88 1205 159 1273 aut
179 1199 273 1262 Mars
291 1201 446 1281 trigonus.
469 1219 541 1263 nam
563 1203 594 1263 et
613 1201 831 1264 mathematici
850 1201 1022 1284 plurimum
1044 1203 1260 1281 Marcionitae,
1322 1207 1326 1218 ’

98 1325 160 1368 nec
186 1307 253 1368 hoo
277 1307 508 1370 erubescentes.
533 1306 571 1370 de
599 1307 678 1387 ipsis
708 1309 803 1370 etiarn
830 1309 933 1372 stellis
962 1310 1069 1372 uiuere
1100 1310 1261 1375 creatoris.

99 1413 311 1476 tractandum
326 1417 377 1476 est
395 1413 446 1476 hic
465 1414 503 1476 de
521 1414 726 1478 renotationis
746 1415 910 1494 qualitate,
931 1435 967 1478 an
988 1415 1081 1498 digne
1100 1418 1261 1480 reuelatus

58 1546 81 1577 a
100 1521 158 1597 sit,
185 1523 229 1582 ut
246 1522 382 1596 constet,
406 1540 443 1582 aa
467 1540 553 1595 uere,
578 1522 672 1584 etita
693 1521 838 1584 credatur
858 1541 927 1586 esse
952 1541 1044 1602 quem
1070 1523 1164 1606 digne
1189 1542 1259 1586 con-

101 1626 234 1689 stiterit
251 1627 439 1690 reuelatum.
460 1628 556 1710 digua
575 1628 657 1690 enim
679 1628 736 1691 deo
757 1627 935 1709 probabunt
954 1628 1058 1692 deum.
1079 1647 1135 1692 nos
1155 1628 1261 1692 defiui-

102 1753 183 1796 mus
211 1732 303 1795 deum
328 1734 430 1814 primo
455 1739 565 1797 natura
589 1735 853 1816 cognoscendum,
878 1735 991 1798 debinc
1016 1736 1158 1799 doctrina
1176 1755 1260 1800 reco-

102 1839 340 1922 gnoscendum,
365 1843 475 1903 natura
499 1859 535 1902 er
559 1841 717 1922 operibus
743 1841 885 1905 doctrina
910 1861 944 1904 ex
965 1841 1261 1924 praedicationibus.

102 1947 165 2009 sed
192 1947 244 2009 cui
268 1946 356 2010 nulla
374 1950 486 2009 natura
505 1953 555 2010 est
577 1949 734 2010 naturalia
753 1949 964 2012 instrumenta
988 1968 1048 2011 nou
1075 1953 1260 2030 suppetunt.

58 2079 83 2116 aa
104 2074 186 2137 ergo
216 2056 269 2117 ael
297 2054 582 2134 praedicationibus
611 2055 838 2118 renotationem
869 2055 918 2118 sui
948 2055 1100 2120 debuerat
1128 2057 1259 2137 operari.

103 2162 246 2223 manime
270 2161 424 2224 aduersus
449 2181 520 2224 eum
545 2161 744 2239 reuelandus,
768 2162 821 2242 qni
847 2164 879 2224 et
903 2161 1092 2226 conditionis
1118 2165 1150 2225 et
1173 2181 1260 2243 prae·

105 2267 281 2330 dicationis
319 2267 466 2347 operibus
498 2271 547 2331 tot
579 2286 615 2330 ac
648 2267 745 2330 tantis
779 2268 831 2330 uix
869 2271 975 2330 tamen
1008 2268 1166 2332 homiuem
1200 2268 1260 2331 fide

104 2374 310 2455 impleuerat.
349 2374 508 2455 quomodo
537 2375 644 2454 itaque
675 2375 823 2456 cognitas
848 2377 918 2437 est?
956 2374 983 2438 si
1012 2394 1069 2456 per
1092 2375 1261 2438 humanam

106 2481 337 2544 coniecturam.
362 2499 442 2562 nego
462 2479 556 2543 deum
577 2479 655 2543 alias
676 2480 826 2562 cognosci
844 2499 939 2562 posse
959 2500 1052 2562 quam
1074 2499 1129 2560 per
1148 2486 1262 2544 semet-

60 2611 88 2648 aa
107 2587 230 2667 ipsam,
261 2604 317 2648 nec
340 2589 462 2648 tantum
489 2586 527 2649 ad
551 2586 685 2650 formam
710 2605 884 2668 prouooaus
917 2589 1065 2652 creatoris
1095 2607 1205 2650 uerum
1231 2598 1261 2649 et

106 2692 147 2754 ad
163 2691 384 2755 condicionem
399 2697 462 2756 tam
480 2692 605 2756 diuinae
619 2693 848 2776 magnitudinis
865 2713 959 2775 quam
975 2694 1128 2757 humanae
1144 2693 1261 2758 medio·

106 2799 246 2874 crit-atis,
270 2818 308 2862 ne
326 2800 427 2862 maior·
450 2801 507 2862 deo
532 2798 626 2862 homo
651 2799 751 2862 uideri
774 2800 888 2882 possit,
915 2801 969 2882 qui
993 2820 1064 2863 enm
1090 2821 1150 2864 uon
1175 2799 1260 2864 ultro

106 2904 274 2968 uolentem
294 2907 443 2988 cognosci
464 2906 530 2968 suis
551 2905 673 2968 uiribus
689 2905 921 2987 quodammodo
941 2907 972 2968 in
994 2906 1156 2986 publicum
1176 2907 1260 2988 agui·
1282 2993 1283 2996 Ἴ

106 3013 207 3076 tionis
229 3012 404 3085 extraxerit,
425 3031 497 3076 cam
517 3012 655 3096 bumana
673 3012 875 3076 mediocritas
896 3013 1023 3075 facilius
1045 3012 1119 3076 deos
1141 3013 1258 3096 fingere

63 3119 173 3184 assibi
206 3120 290 3182 norit
323 3119 497 3182 secundum
531 3120 631 3182 totius
665 3120 734 3182 aeui
770 3121 979 3201 experimenta
1015 3138 1107 3199 quarn
1149 3139 1260 3184 uerum

109 3225 239 3300 sectari,
273 3244 366 3305 quem
397 3233 504 3289 natura
535 3226 597 3288 iam
626 3226 827 3307 intellegunt.
866 3226 1015 3305 alioquin,
1042 3227 1067 3288 si
1094 3226 1257 3288 sichomo

109 3333 206 3395 decim
240 3334 516 3397 commentabitur.
541 3334 699 3414 quomodo
729 3333 884 3396 Romulus
915 3333 1053 3397 Consum
1088 3342 1119 3395 et
1150 3333 1259 3397 Tatius

110 3439 295 3504 Cloacinam
329 3443 360 3502 et
392 3439 552 3503 Hostilius
581 3441 736 3503 Pauorem
772 3448 802 3501 et
836 3440 985 3503 Metellus
1019 3439 1195 3501 ultumum
1230 3442 1260 3500 et

109 3545 239 3626 qaudam
260 3551 331 3608 ante
351 3547 410 3609 boc
425 3551 550 3628 ternpus
568 3547 748 3622 Antinoum,
769 3547 828 3609 hoc
849 3547 919 3609 aliis
935 3546 1059 3610 licebit:
1075 3565 1132 3609 nos
1148 3545 1259 3608 Marei-

66 3679 92 3716 :ra
111 3673 205 3715 ouem
230 3654 411 3715 nauclerum
438 3654 595 3730 nouimus,
621 3673 679 3716 nou
706 3673 811 3736 regem
838 3671 893 3715 uec
916 3654 1148 3734 imperatorem.

146 3828 217 3880 oei·
232 3827 269 3879 Μ
302 3827 415 3880 aeriam
430 3827 514 3880 deleri
526 3828 588 3879 urrlt
604 3845 657 3879 rura
671 3829 718 3879 der
738 3827 808 3878 l'u'er
846 3827 1046 3893 seusa-ipsi:
1062 3825 1164 3878 etMR
1217 3841 1258 3876 rc-

110 3917 220 3969 nelatue
233 3917 345 3983 scripsi:
358 3917 483 3983 cognitus
493 3917 554 3969 MR
568 3917 614 3982 (es.
626 3917 703 3982 r'qr're
714 3917 730 3968 l.
743 3919 777 3967 18
786 3917 836 3967 rabi
849 3933 899 3982 pro
909 3916 1046 3968 reuelatns
1060 3914 1258 3968 rescribendum

111 4013 171 4058 erat
189 4005 324 4072 cognitus.
344 4006 413 4057 miro
431 4005 551 4073 pecodum
569 4021 635 4057 cusu
650 4006 715 4056 lruec
729 4006 800 4056 iuter
814 4021 841 4056 se
860 4011 1026 4058 commutata·
1039 4007 1113 4068 aurat)
1165 4004 1198 4057 12
1213 4003 1259 4054 de-

110 4094 174 4148 hinc
189 4094 232 4161 M,
252 4093 350 4146 deinde
364 4095 483 4161 Rrrrrlpo
536 4095 566 4145 li
587 4094 723 4145 homiuum
743 4093 823 4145 fidem
844 4092 896 4145 Urs
952 4093 983 4146 18
1004 4093 1127 4158 erignitas
1145 4093 1257 4160 seraper:

111 4183 248 4236 reuelatua
268 4181 330 4236 MR
401 4185 432 4236 19
451 4200 521 4250 nego
541 4183 690 4236 Ir'cllrrerus
709 4185 775 4249 torm
794 4183 842 4234 der
866 4181 962 4252 Vlietl:
980 4199 1052 4248 nega
1070 4182 1111 4248 M,
1130 4199 1214 4250 negas
1233 4182 1260 4234 It

111 4274 145 4326 ‘23
165 4272 294 4340 cognosci
313 4273 348 4339 R,
368 4275 509 4341 rognoscis
528 4271 592 4324 ΜΡ
644 4272 678 4323 98
698 4272 830 4324 Pauorem
850 4270 885 4336 R,
905 4287 1037 4338 pauonem
1057 4271 1120 4324 ΜΕ
