3250 4959
253 386 258 395 ’
342 425 406 487 422
572 421 690 487 ournrr
711 423 850 492 Septimi
871 424 1043 478 numeneus
1062 424 1268 478 Tertulliani

343 620 483 693 eatenus,
514 615 588 681 dnm
618 622 650 681 et
678 619 708 681 in
739 624 821 682 terra
849 623 881 683 et
908 619 939 683 in
969 620 1056 684 caelo
1085 621 1140 702 qni
1168 622 1208 685 oh
1231 622 1402 703 utriusque
1425 642 1490 703 pro

341 723 502 788 missionis
546 725 689 807 ingratos
735 725 806 808 ipsa
852 726 947 790 etiam
993 726 1150 791 elementa
1194 730 1347 792 testatur:
1396 729 1489 805 andi,

341 824 498 907 eaelum,
524 832 560 894 et
583 830 619 894 in
644 850 752 895 aures
781 832 917 916 recipe,
942 836 1055 897 terra.
1080 836 1113 897 et
1135 853 1193 918 ego
1218 832 1359 915 quidem,
1385 835 1488 899 etiam·

342 938 369 1000 si
397 937 517 1001 nullam
545 937 614 1020 spei
643 937 789 1003 caelestis
814 957 943 1003 manum
972 940 1051 1004 mihi
1082 941 1201 1004 totiens
1233 942 1394 1023 scriptura
1425 961 1490 1024 pcr-

340 1043 473 1127 rigente,
493 1044 572 1107 satis
592 1043 741 1108 haberem
760 1045 855 1110 huius
875 1066 1000 1128 quoque
1014 1047 1235 1127 promissionis
1248 1047 1488 1128 praeiudicium,
1517 1072 1530 1110 s

341 1150 506 1232 quodiam
530 1154 685 1215 terrenam
711 1152 846 1235 gratiam
870 1155 1006 1229 teneam3
1032 1156 1229 1235 expectarem
1253 1153 1377 1235 aliquid
1401 1160 1434 1218 et
1455 1154 1490 1217 de

340 1259 427 1321 caelo
466 1278 484 1321 a
516 1256 574 1321 deo
609 1258 688 1321 caeli
726 1259 811 1322 sicut
845 1263 877 1323 et
909 1263 1025 1323 terrae:
1058 1259 1104 1323 ita
1136 1260 1294 1324 crederem
1327 1259 1487 1325 Christum

340 1362 528 1427 sublimiora
555 1363 760 1444 pollicentem
789 1364 858 1429 eius
887 1385 968 1441 asse,
1002 1366 1056 1447 qui
1088 1365 1259 1430 humiliora
1290 1367 1488 1449 promiserat

341 1470 395 1551 qui
416 1470 628 1552 experimenta
647 1470 800 1535 maiorum
823 1471 860 1535 da
880 1472 1022 1555 paruulis
1041 1471 1168 1551 lacerat,
1188 1473 1243 1554 qui
1262 1472 1323 1536 hoc
1342 1473 1488 1547 inauditi,

341 1577 368 1641 si
398 1576 488 1653 forto,
517 1576 607 1659 regni
634 1579 835 1657 praeconium
868 1578 929 1641 soli
959 1572 1084 1644 Christo
1112 1584 1341 1656 reseruauerat,
1371 1584 1410 1643 ut
1436 1600 1487 1663 per
1505 1607 1528 1643 a

340 1683 478 1747 famulos
504 1682 629 1764 quidem
648 1687 772 1747 terrena
791 1685 902 1767 gloria,
925 1685 1072 1749 caelestis
1091 1704 1166 1749 uero
1185 1686 1369 1767 peripsum
1390 1686 1487 1752 domi·

339 1807 416 1851 rrum
446 1788 691 1854 adnuntiaretur.
724 1794 756 1855 at
788 1793 824 1854 tu
860 1790 933 1853 hino
967 1810 1092 1873 quoque
1126 1791 1224 1855 alium
1258 1794 1489 1875 argumentaris

341 1894 514 1975 Christum,
543 1895 627 1977 quod
650 1916 783 1980 regnum
807 1916 924 1961 nouum
950 1897 1125 1961 adnuntiet
1151 1899 1240 1980 prius
1270 1903 1329 1979 est,
1360 1900 1489 1981 aliquod

340 2001 519 2085 exemplum
533 2002 751 2085 indulgentiae
765 2003 917 2085 proterea,
928 2022 967 2067 ne
976 2004 1089 2068 merito
1106 2004 1248 2067 dubitem
1259 2004 1298 2069 de
1307 2005 1371 2070 fide
1385 2011 1489 2071 tantae

270 2110 273 2114 '
339 2107 571 2190 promissionis,
593 2128 687 2191 quam
708 2129 798 2191 spero
819 2130 953 2174 -nam
973 2110 1070 2174 didici
1089 2133 1148 2185 ——3
1172 2112 1270 2175 imma
1291 2115 1365 2177 ante
1384 2114 1487 2178 omnia
1503 2136 1527 2177 c

339 2219 400 2289 est,
420 2216 465 2291 ut,
486 2234 580 2296 quern
605 2216 754 2280 caelestia
777 2217 941 2299 praedicas
964 2218 1194 2301 repromittere,
1213 2217 1343 2300 aliquod
1364 2222 1486 2283 caelum

340 2322 455 2402 probes
480 2322 556 2385 eius.
582 2325 614 2385 at
636 2342 719 2387 nunc
742 2342 840 2387 uocas
865 2324 905 2386 ad
928 2342 1056 2388 caenam
1084 2343 1143 2388 nec
1171 2324 1301 2389 domum
1330 2326 1486 2393 ostendis:

342 2426 469 2511 adlegas
492 2446 626 2511 regnum
650 2434 707 2493 nec
730 2430 850 2511 regiam
883 2432 1049 2494 monstras.
1082 2448 1119 2492 an
1153 2430 1207 2511 qui
1231 2430 1381 2495 Christus
1412 2436 1487 2496 tuus

342 2535 480 2598 caeleste
504 2553 637 2618 regnum
661 2535 854 2616 repromittit
877 2555 937 2600 non
960 2535 1079 2601 hahens
1105 2536 1249 2601 caelum?
1272 2538 1434 2619 quomodo
1457 2544 1488 2601 et

341 2640 499 2705 hominem
528 2642 688 2722 praestitit
711 2661 772 2706 non
798 2642 917 2707 habens
949 2646 1093 2707 carnem?
1121 2663 1139 2707 o
1163 2643 1353 2725 phantasma
1382 2648 1486 2710 omne!
1502 2669 1527 2707 a

341 2768 359 2813 o
384 2748 555 2831 praestigia
577 2750 697 2833 magna
718 2749 812 2814 etiam
837 2750 1070 2832 promissionis!

743 2956 871 3011 LIBER
891 2956 1089 3023 QVARTVS.

388 3084 414 3146 1.
440 3046 579 3146 Omnem
614 3084 803 3148 sententiam
837 3088 869 3147 et
902 3103 1026 3147 omnem
1057 3087 1235 3167 paraturam
1267 3082 1360 3167 impii
1393 3090 1486 3168 atque

338 3190 486 3273 sacrilegi
502 3190 673 3253 Marcionis
689 3189 727 3253 ad
745 3190 853 3272 ipsum
870 3190 934 3254 iam
955 3191 1157 3273 euangelium
1175 3191 1245 3253 eius
1263 3208 1486 3270 prouocemus.

338 3296 426 3378 quod
453 3295 669 3378 interpolando
699 3315 793 3359 suum
822 3295 905 3359 fecit.
935 3300 967 3359 et
994 3298 1031 3359 ut
1053 3295 1148 3361 iidem
1171 3296 1352 3376 instrueret,
1380 3298 1486 3362 dotem
1503 3318 1527 3359 ra

429 3487 457 3557 a]
478 3488 522 3540 ns.
543 3488 566 3555 1,
586 3487 610 3538 2.

378 3612 389 3665 1
413 3610 476 3665 dum
495 3614 523 3664 et
540 3611 570 3663 in
587 3616 660 3664 terra
680 3612 714 3678 cs.
733 3614 793 3677 419,
809 3613 917 3664 18-21
978 3612 1024 3679 qui
1038 3615 1157 3667 testatur
1174 3614 1232 3667 scil.
1248 3613 1390 3677 dominam·
1401 3630 1487 3683 neque

337 3702 411 3755 carim
421 3701 537 3769 spiritua
547 3701 636 3753 solam
645 3700 693 3753 scd
702 3700 784 3752 ctiam
794 3700 851 3767 ipae
863 3699 990 3752 Claranus
998 3716 1052 3768 per
1061 3701 1225 3769 prophetam
1239 3702 1363 3767 loquitar
1398 3703 1415 3755 2
1429 3704 1488 3770 ipsa

340 3790 410 3847 enim
431 3789 513 3843 etiam
527 3789 561 3841 M
608 3790 623 3842 3
639 3788 727 3857 recipe
741 3787 783 3851 M,
804 3790 911 3857 percipe
925 3787 1002 3841 Rura
1096 3790 1113 3842 8
1128 3790 1173 3858 qui
1188 3788 1258 3854 MR,
1273 3790 1319 3858 qni
1334 3794 1362 3843 at
1375 3790 1449 3843 Pam
1459 3789 1492 3842 N

337 3880 356 3933 9
376 3877 507 3932 inauditis
527 3878 564 3931 M
617 3879 647 3931 11
670 3878 807 3931 dominum
826 3789 1046 4209 εονιμιείΧ
1056 3878 1119 3931 ΜΒ
1175 3878 1207 3933 15
1221 3892 1313 3947 epero;
1326 3894 1388 3931 narn
1404 3878 1485 3932 didici

338 3970 407 4035 (scil.
418 3967 487 4022 milri
497 3984 604 4021 caneres
617 3965 698 4034 MR¹,
715 3967 874 4036 sperandam
890 3966 942 4018 diei
971 3966 1012 4021 12³
1020 3966 1104 4034 culpo
1143 3965 1174 4019 18
1184 3982 1219 4020 an
1229 3966 1276 4036 qni
1286 3970 1332 4032 (=
1342 3966 1487 4034 macodo)

336 4058 452 4124 europei:
471 4074 504 4110 un
525 4057 589 4124 quia
602 4055 671 4117 MR,
692 4072 724 4108 an
747 4056 788 4119 (id
799 4057 897 4123 facia),
913 4072 929 4123 q
960 4055 1053 4123 aEnp
1100 4054 1412 4121 conmorantium
1434 4054 1487 4109 Ura

339 4147 371 4197 21
384 4144 601 4214 praestigiaMR
611 4144 657 4211 (cf.
670 4144 785 4213 Quintil.
796 4144 874 4196 IIII
879 4146 933 4210 1‚7
966 4143 1223 4213 ,praestigiaedhrp
1266 4144 1487 4212 magosacn'psr':

338 4251 453 4303 magnae
472 4234 534 4287 MR
616 4232 803 4286 ADVERSVS
822 4220 1020 4286 MARCIONE'
1032 4220 1091 4285 ΕΓΒ
1110 4232 1261 4285 TERCIVS
1285 4230 1486 4288 execretur

339 4323 475 4377 unciaru
487 4310 545 4375 tio
557 4320 1137 4392 1111M.Explicia1io.111;incipitlib.1111
1151 4319 1491 4375 aruerusuarcronemn'
