3250 4959
304 404 346 467 46
537 394 655 462 Quinti
675 396 816 467 Septimi
834 396 1006 451 Florentia
1025 395 1229 451 Tertulliani

302 595 423 661 bestias
456 594 662 678 pronuntiari,
697 594 725 659 si
762 594 834 677 quis
863 612 900 658 eo
927 594 1130 660 latrocinium
1161 596 1258 660 fuerit
1290 597 1449 677 operatus.

303 702 367 767 iam
400 722 475 786 ergo
503 703 653 767 innocens
687 720 757 766 caro
783 721 820 766 er
843 720 879 765 ea
906 706 1006 784 parte,
1035 720 1099 785 qua
1125 722 1187 767 non
1218 702 1450 785 reputabuntur

303 811 352 874 illi
376 828 487 893 operae
511 810 623 885 malae,
648 812 681 873 et
703 808 783 873 nihil
802 806 949 891 prohibet
966 809 1163 874 innocentiae
1182 810 1308 874 nomine
1327 808 1449 872 saluam

304 936 374 982 eam
396 914 473 981 lieri.
496 916 574 980 licet
597 916 680 979 euim
700 935 757 980 nec
780 916 863 981 bona
886 936 982 998 opera
1002 919 1190 999 reputentur
1211 915 1261 980 illi
1284 914 1370 979 sicut
1392 931 1449 977 nec
1471 930 1475 937 ·

303 1024 397 1103 mala,
426 1022 551 1087 diuinae
583 1026 690 1088 tamen
727 1023 918 1107 benignitati
949 1023 1053 1107 magis
1086 1022 1241 1105 competit
1266 1022 1491 1086 innocenteso

303 1130 445 1195 liberare.
468 1129 627 1195 beneficos
651 1130 734 1195 enim
759 1130 1006 1215 debet;·optimi
1029 1133 1080 1194 est
1102 1133 1220 1208 autem,
1244 1128 1341 1194 etiam
1365 1126 1451 1209 quod

303 1256 364 1301 non
389 1236 523 1301 debetur
546 1236 665 1301 offerro.
689 1240 722 1302 et
748 1240 855 1301 tamen
884 1237 1025 1312 calicem,
1053 1256 1115 1301 non
1139 1236 1210 1302 dico
1233 1235 1450 1309 uenenarium,

303 1344 334 1407 in
373 1363 468 1427 quem
500 1362 586 1408 mors
619 1344 726 1427 aliqua
760 1343 902 1420 ructarit,
932 1342 988 1408 sed
1020 1343 1168 1408 frictricis
1201 1344 1254 1408 uel
1286 1340 1453 1426 archigalli

304 1450 357 1515 nel
376 1449 560 1535 gladiatoris
581 1455 637 1515 aut
655 1450 810 1515 camifiois
831 1449 945 1532 spiritu
965 1450 1130 1527 infectum,
1146 1468 1274 1533 quaero,
1289 1468 1328 1513 an
1346 1448 1451 1512 minna

304 1556 432 1622 damnes
458 1576 553 1639 quam
577 1558 688 1621 oscula
710 1557 874 1640 ipsorum?
901 1555 1019 1621 nostris
1039 1575 1166 1640 quoque
1190 1556 1338 1622 sordibus
1361 1554 1452 1619 nubi·
1471 1572 1496 1615 ro

302 1664 370 1728 lum
389 1665 442 1727 uel
460 1683 522 1728 non
535 1683 590 1745 pro
611 1664 714 1728 animo
729 1666 941 1745 temperatum
961 1664 1077 1728 elidere
1096 1665 1329 1745 sciemusque
1349 1663 1451 1745 magis

303 1790 400 1852 puero
433 1770 614 1837 irascamur.
647 1770 787 1855 gladium
820 1790 897 1835 uero
929 1770 1105 1835 latrociniis
1138 1770 1259 1835 ebrium
1289 1769 1361 1852 quis
1388 1786 1451 1833 non

303 1896 322 1941 a
350 1876 443 1941 domo
467 1881 545 1954 tota,
570 1877 687 1941 nedum
713 1896 730 1941 a
753 1877 913 1955 cubiculo,
942 1876 1058 1941 nedum
1083 1896 1102 1941 a
1124 1877 1238 1959 capitis
1266 1876 1317 1941 sni
1347 1873 1451 1940 officio

302 1984 461 2069 religabit,
493 2003 700 2066 praesumens
733 1984 859 2050 scilicet
890 1984 970 2049 nihil
1003 1984 1089 2049 aliud
1121 2004 1156 2049 se
1189 2004 1283 2068 quem
1314 1982 1452 2047 inuidiae

303 2091 476 2155 animarum
497 2092 726 2155 somniaturum
745 2092 950 2173 urguentium
975 2095 1007 2155 et
1023 2091 1268 2173 inquietantium
1287 2089 1452 2173 sanguinis
1470 2108 1498 2148 rs

304 2198 355 2262 sui
388 2197 620 2263 concubinum?
649 2202 682 2261 at
709 2199 793 2263 enim
823 2202 855 2262 et
883 2198 962 2263 calix
990 2199 1069 2264 bene
1093 2198 1155 2263 sibi
1178 2197 1326 2262 conscius
1354 2199 1389 2261 et
1415 2196 1453 2260 de

305 2304 470 2389 diligentia
494 2304 662 2369 ministerii
687 2304 928 2369 commendatus
948 2304 985 2368 de
1005 2303 1130 2370 coronis
1149 2322 1275 2387 qnoque
1298 2303 1453 2386 potatoris

307 2412 357 2477 sui
385 2411 581 2476 inornabitur
608 2414 664 2474 aut
691 2412 858 2495 aspergine
884 2410 998 2475 florum
1021 2411 1235 2487 honorabitur,
1268 2414 1301 2475 et
1328 2410 1454 2494 gladius

307 2514 409 2605 [bene]
443 2517 481 2581 de
514 2518 598 2582 bello
629 2520 779 2581 cruentus
813 2519 846 2581 et
874 2518 987 2581 melior
1018 2518 1177 2583 homicida
1202 2516 1330 2581 laudem
1362 2536 1455 2581 suam

306 2625 539 2689 consecratione
559 2623 713 2707 pensabit.
734 2626 784 2687 est
802 2642 877 2707 ergo
896 2626 978 2688 etin
997 2624 1129 2689 uascula
1147 2624 1224 2688 etin
1241 2624 1455 2688 iustrumenta
1472 2642 1500 2683 ao

306 2731 492 2796 senteutiam
516 2730 621 2813 figere,
644 2733 682 2793 ut
713 2729 912 2795 dominorum
937 2734 969 2795 et
992 2734 1157 2795 auctorum
1179 2730 1301 2795 meritis
1326 2733 1358 2794 et
1383 2730 1456 2812 ipsa

306 2838 553 2911 communicent3
569 2840 606 2900 ut
625 2836 698 2901 huic
718 2856 844 2919 quoque
863 2838 1126 2921 argumentationi
1146 2836 1363 2913 satisfecerim,
1378 2835 1456 2900 licet

306 2944 343 3007 ab
365 2944 506 3025 exemplo
527 2946 620 3007 uacet
639 2943 809 3008 diuersitas
829 2963 943 3008 rer-um.
968 2962 1060 3007 omne
1084 2943 1165 3006 enim
1184 2961 1243 3007 uas
1266 2942 1319 3006 uel
1336 2942 1455 3006 instru-

305 3055 447 3115 mentum
467 3050 593 3114 aliunde
611 3051 643 3115 in
664 3070 743 3116 usus
762 3052 860 3128 uenit,
881 3054 1025 3115 extranea
1044 3050 1168 3114 omuino
1184 3049 1318 3113 materia
1339 3067 1358 3112 a
1380 3048 1455 3113 sub·

306 3155 673 3233 stantiahominis30a1o
694 3161 810 3233 autem,
827 3156 865 3221 ab
881 3156 1005 3221 exordio
1020 3156 1102 3221 uteri
1118 3160 1247 3221 consata
1260 3154 1455 3219 conformata
1473 3172 1500 3215 ro

306 3262 471 3347 congenita
494 3265 627 3343 animae,
652 3264 748 3329 etiarn
767 3264 798 3327 in
819 3263 905 3327 omni
928 3263 1108 3346 operatione
1132 3264 1285 3328 miscetur
1306 3261 1363 3326 illi.
1381 3280 1454 3325 nam

344 3507 356 3559 1
367 3508 538 3577 pronuntiari
545 3506 640 3573 PMF,
652 3506 834 3575 pronuntieris
845 3504 896 3559 Get
933 3506 949 3558 2
960 3522 992 3558 ea
1001 3520 1052 3559 om.
1063 3504 1114 3559 uei
1150 3506 1265 3560 lbonae
1276 3522 1374 3575 operae
1382 3506 1454 3559 Pom

306 3595 466 3649 libeneficos
481 3600 522 3661 (os
532 3597 563 3649 in
576 3612 632 3648 rae.
644 3596 678 3653 F,
695 3612 739 3647 -us
752 3594 787 3662 B,
799 3596 836 3647 ·is
848 3594 910 3660 eei)
927 3596 998 3648 enim
1014 3594 1104 3649 debet.
1122 3596 1218 3665 optimi
1233 3598 1275 3648 eat
1289 3599 1380 3649 autem
1388 3595 1452 3661 FB,

306 3686 442 3738 beneficus
462 3687 532 3738 enirn
553 3688 594 3737 est
613 3689 694 3753 atque
714 3685 841 3754 optimus,
862 3684 944 3737 debet
962 3688 1053 3738 autem
1072 3685 1136 3739 PM
1215 3686 1230 3738 7
1251 3684 1365 3738 debetur
1382 3682 1452 3747 ΜΡ,

234 3828 237 3835 ,
307 3774 451 3827 deberetur
468 3774 495 3826 P
561 3772 710 3826 8ructarit
730 3772 795 3827 Geir
813 3777 934 3826 ructaret
951 3773 1042 3826 ΡΜΒ1
1112 3773 1238 3827 frictricis
1259 3773 1325 3827 eei:
1342 3774 1452 3826 fictricis

307 3860 398 3914 PMF
487 3862 519 3913 12
538 3878 602 3913 uero
625 3860 688 3914 Get:
707 3861 752 3915 uel
771 3861 863 3915 PMF
960 3863 993 3914 14
1010 3861 1130 3916 inuidiae
1148 3863 1247 3931 scripsi
1266 3861 1454 3930 (Verium).-

305 3948 411 4002 inuidia
430 3946 566 4012 Puram,
585 3948 690 4003 inludia
708 3948 756 4012 12³.
775 3950 907 4004 inuidiam
925 3948 982 4019 Rip
1065 3952 1096 4003 17
1116 3950 1150 4003 de
1169 3951 1274 4004 coronis
1292 3950 1327 4017 B,
1347 3951 1453 4003 coronis

308 4036 397 4089 PMF
466 4038 582 4091 ministri
614 4038 685 4107 Bmp
754 4039 786 4091 18
819 4038 991 4092 inornabitur
1017 4039 1053 4103 B,
1085 4038 1221 4092 inorbitnr
1252 4037 1320 4106 PM,
1351 4038 1453 4092 morbi·

307 4129 352 4179 tur
361 4124 390 4179 F
459 4126 645 4181 honorabitur.
661 4132 689 4180 et
701 4128 785 4196 culpo
838 4128 871 4181 19
884 4128 953 4180 bene
966 4127 1066 4181 seclusi
1080 4133 1125 4194 (ea
1138 4132 1174 4181 16
1182 4128 1323 4195 irrepeisse
1330 4126 1453 4193 uidetur)

308 4216 342 4269 20
362 4218 404 4269 est
420 4215 505 4269 Pam:
526 4218 601 4271 estne
620 4216 712 4269 PMF
764 4218 797 4270 25
817 4221 928 4270 consata
947 4216 1042 4280 PMF,
1062 4217 1168 4269 consita
1185 4216 1213 4271 R
1231 4216 1316 4285 culpo
1388 4233 1452 4269 con·

308 4306 414 4359 firmata
431 4304 461 4357 F
835 4301 839 4306 “
