3250 4959
545 1138 943 1253 Perennem.

206 1372 376 1477 Editicnis
403 1408 501 1475 haim
514 1408 668 1477 ‘ordinem
692 1408 731 1475 ab
754 1408 905 1493 Augusto
928 1407 1155 1475 Reifferscheid
1180 1410 1320 1493 poetria

163 1516 331 1584 uolumina
360 1516 408 1581 ita
439 1516 644 1601 dispositum,
676 1517 715 1581 nt
746 1516 899 1580 uolumen
931 1515 1108 1581 seeundum
1136 1518 1170 1581 et
1200 1516 1321 1600 scripta

164 1624 286 1690 codicis
317 1621 513 1709 Agebardini
545 1622 578 1687 in
609 1626 697 1688 tome
730 1621 832 1705 primo
864 1641 927 1689 non
960 1621 1047 1689 edite
1077 1621 1255 1691 contineret
1286 1626 1321 1687 et

164 1749 218 1797 eos
260 1728 451 1795 Tertulliani
492 1727 604 1811 libros,
646 1746 783 1813 quonum
820 1728 963 1795 recensio
998 1728 1112 1795 nititur
1154 1727 1320 1795 codicibus

164 1836 293 1902 saecule
326 1836 437 1919 quinte
472 1834 594 1902 decimo
627 1834 905 1919 uetustioribns‚²)
935 1836 1088 1902 neultra
1113 1835 1245 1901 modum
1273 1836 1320 1900 in-

165 1947 323 2010 cresceret
348 1942 445 2009 huius
473 1942 649 2009 uoluminis
678 1941 829 2018 ambitus,
856 1941 904 2007 ita
931 1943 1056 2009 censuit
1082 1942 1318 2009 immutandum

164 2050 218 2133 qui
250 2053 329 2135 post
349 2048 602 2115 Reifferscheidii
633 2051 770 2114 mortem
801 2048 835 2113 in
862 2066 998 2115 uacuam
1025 2049 1095 2115 eius
1121 2048 1321 2133 prouinciam

165 2156 300 2223 intrauit
319 2153 507 2241 Georgius
526 2154 709 2222 Wissowa
731 2154 894 2234 flueren,
918 2158 957 2221 ut
973 2155 1102 2239 utrique
1119 2154 1170 2221 illi
1188 2153 1321 2221 secundi

164 2262 339 2329 uoluminis
352 2262 436 2345 parti
455 2281 550 2329 suum
570 2262 659 2327 daret
676 2260 878 2327 fasciculum.
897 2278 914 2326 a
933 2262 1143 2345 quibuscum
1162 2260 1231 2345 ipsa
1250 2279 1320 2327 sua·

166 2370 286 2453 ciperet
308 2366 524 2435 adornandum
552 2369 700 2465 priorem,
724 2371 762 2433 ut
785 2368 946 2452 aliquanto
971 2368 1106 2434 celerius
1135 2366 1322 2451 procederet

166 2496 244 2559 opus
268 2478 344 2559 post
366 2474 619 2540 Reifferscheidii
643 2493 735 2541 curas
753 2475 850 2539 nimis
869 2473 925 2538 diu
943 2474 1167 2557 interceptum,
1188 2472 1320 2538 alterius

165 2582 204 2646 ad
225 2600 279 2647 me
304 2580 422 2646 detulit
442 2581 634 2647 Academiae
659 2581 831 2648 Caesareae
849 2579 1105 2647 vindobonensis
1129 2578 1320 2645 auctoritate

163 2687 393 2764 recensionem,
427 2704 522 2770 quam
552 2686 627 2753 inde
659 2686 698 2752 ab
727 2690 850 2753 aestate
880 2687 965 2752 1901
994 2686 1178 2752 institutum
1203 2687 1236 2751 et
1257 2703 1348 2760 nens

165 2794 231 2860 aine
248 2792 468 2859 munificentia
480 2792 669 2859 Academiae
688 2813 744 2877 per
761 2792 1030 2877 intercapedinem
1043 2792 1185 2858 muneris
1198 2791 1320 2877 publici

165 2905 327 2985 peractam
350 2900 480 2966 iamiam
502 2900 709 2984 proponimus
733 2900 812 2966 uiris
837 2899 949 2966 doctis.

209 3008 420 3074 Continentur
451 3006 551 3090 igitur
581 3006 613 3071 in
646 3008 705 3073 boe
737 3006 902 3071 uolumine
935 3025 973 3070 ea
998 3003 1187 3083 Tertulliani
1213 3024 1319 3091 opera,

168 3136 245 3199 quae
270 3115 471 3199 reperiuntur
492 3114 525 3179 in
549 3112 675 3178 duobus
695 3114 816 3179 saeculi
833 3113 995 3179 undecimi
1012 3112 1104 3179 libris
1123 3112 1320 3197 manuscrip

167 3222 254 3305 tis,¹)
278 3222 619 3303 Montepeesulano
652 3218 762 3285 codice
785 3218 853 3304 (Μ)
878 3223 911 3284 et
936 3218 1225 3285 Paterniacensi
1248 3216 1319 3305 (P),

168 3326 206 3393 ad
229 3346 311 3412 ques
336 3327 491 3393 accedunt
514 3326 669 3393 editiones
688 3326 836 3411 princeps
855 3325 888 3389 et
905 3326 1000 3390 tertia
1017 3325 1128 3390 Beati
1150 3325 1319 3391 Rhenani

167 3434 225 3519 (R1
258 3440 293 3500 et
323 3434 395 3521 13³),
428 3434 712 3520 Hirsaugiensibus
745 3433 871 3501 scilicet
902 3432 993 3499 libris
1025 3432 1253 3515 manuscriptis
1286 3434 1320 3498 et

167 3540 333 3607 Gorziansi
363 3538 425 3627 (G)
458 3545 695 3624 superstructae
728 3539 823 3607 hodie
856 3537 1038 3623 deperditis.
1073 3539 1107 3603 in
1138 3538 1319 3622 subsidium

167 3651 274 3715 autem
298 3650 455 3713 uocantur
478 3647 540 3713 duo
564 3647 691 3713 cedices
710 3647 795 3728 Itali,
814 3645 1027 3713 Florentini
1045 3644 1084 3709 N
1099 3648 1134 3710 at
1151 3643 1191 3726 F,
1211 3648 1244 3709 et
1260 3664 1319 3728 pro

166 3754 256 3820 libris
281 3753 319 3819 dc
334 3756 498 3836 patientie
521 3757 553 3820 et
577 3754 615 3820 de
633 3755 741 3819 corate
758 3756 984 3821 resonantiam
1002 3752 1100 3817 editio
1120 3770 1201 3835 quae
1217 3752 1319 3837 uulgo

215 3960 235 4028 ¹)
256 3960 290 4016 cs.
309 3962 363 4017 uol.
382 3962 396 4017 I
414 3962 499 4033 prael.
518 3980 544 4034 p.
564 3962 611 4017 v1.
1140 4020 1144 4027 ,

212 4047 233 4119 ²)
254 4048 330 4117 Quae
347 4050 377 4104 iu
396 4048 488 4106 codice
501 4050 709 4106 Paternisoansi
728 4050 889 4105 exhibentur
903 4049 1066 4105 Tertulliani
1084 4067 1167 4122 opera
1185 4048 1218 4105 de
1235 4065 1321 4105 cam

171 4136 283 4206 casa
312 4138 589 4210 tenuereparcae
615 4140 824 4207 casertanum,
853 4139 989 4195 aetam
1013 4138 1138 4195 reem
1168 4156 1224 4192 non
1254 4137 1319 4193 nure

170 4226 303 4281 uoluniini
326 4226 374 4282 sed
398 4227 515 4283 secundo
540 4233 618 4285 arant
639 4226 792 4294 inserenda,
817 4228 883 4299 qnia
903 4228 994 4299 priora
1012 4227 1065 4283 duo
1084 4228 1112 4281 in
1134 4226 1320 4299 Agebardino,

46 4322 54 4333 '
170 4320 335 4385 postremmu
355 4318 384 4371 in
402 4317 532 4374 Fuldeusi
551 4335 658 4391 quoque
678 4320 766 4373 exstat
785 4317 884 4373 codice.
