3250 4959
306 437 372 501 524
533 433 651 499 Quinti
670 433 810 502 Septimi
829 433 999 488 Florentio
1018 432 1224 490 Tertulliani

306 627 481 710 adimplens
502 629 616 707 omnia,
633 648 713 712 quae
732 648 829 711 snper
845 629 916 712 ipso
934 628 1060 694 firmant
1075 626 1266 711 praedicata,
1284 645 1344 691 nec
1362 627 1451 691 aliter

306 734 422 800 docens
451 734 603 800 debuerat
630 736 771 823 agnosci.
804 739 945 800 ceterum
973 737 1046 819 quis
1072 738 1184 818 posset
1210 733 1279 801 eius
1308 738 1451 816 tempora

306 860 410 920 nosse,
434 841 527 906 cuius
551 863 606 926 per
630 861 709 924 quee
731 843 881 926 probaret
896 862 959 908 non
977 843 1136 908 habehat?
1154 840 1268 908 meritc
1288 841 1452 924 exprobrat

306 948 412 1024 etiam,
446 949 530 1031 quod
561 949 684 1015 iustum
716 970 777 1015 noo
810 969 829 1014 a
860 950 1046 1034 semetipsis
1071 949 1257 1015 indicarent
1289 947 1369 1014 oiim
1394 947 1450 1012 hoc

306 1054 436 1120 mandat
458 1075 515 1139 per
537 1056 753 1122 Ezechielem:
783 1057 928 1122 iustum
949 1055 1134 1122 iudicium
1157 1059 1195 1122 et
1215 1054 1448 1139 pacatorium
1478 1075 1490 1114 r

305 1160 487 1240 iudicate,
515 1181 572 1246 per
594 1163 803 1228 Hieremiam:
832 1163 949 1228 facito
976 1162 1161 1228 iudicium
1189 1165 1227 1227 et
1248 1161 1449 1238 iustitiam,

307 1287 363 1350 per
394 1268 537 1333 Esaiam:
575 1268 746 1334 iudicate
778 1268 927 1352 pupillo
964 1273 1001 1333 et
1036 1269 1256 1334 iustificate
1287 1267 1449 1344 uiduam,

306 1373 469 1457 imputans
489 1375 584 1440 etiam
603 1377 715 1440 uineae
734 1373 863 1452 Sorech,
882 1374 967 1459 qnod
984 1394 1046 1441 non
1064 1374 1220 1442 iudicium
1237 1374 1381 1450 iecisset,
1397 1373 1450 1438 sod

307 1481 489 1546 clamorem.
520 1481 574 1563 qui
603 1501 678 1566 ergo
711 1481 873 1560 docuerat,
903 1484 942 1547 ut
972 1482 1113 1547 iacerent
1144 1501 1181 1546 ex
1211 1485 1393 1564 praecepto,
1423 1480 1449 1545 is

306 1587 462 1671 erigebat,
479 1591 517 1653 ut
530 1573 670 1654 facerent
683 1591 715 1656 et
729 1609 766 1654 ex
779 1589 920 1657 arbitrio.
940 1589 995 1672 qui
1009 1589 1220 1654 seminauerat
1236 1591 1450 1671 praeceptum,
1466 1607 1491 1648 ιο

305 1693 361 1758 ille
385 1697 418 1760 et
439 1694 680 1760 redundantiam
704 1696 772 1761 eius
792 1697 958 1781 urguebat.
975 1697 1039 1762 iam
1057 1715 1134 1762 uero
1152 1713 1248 1778 qnam
1268 1693 1450 1770 absurdum,

307 1805 344 1866 ut
375 1801 429 1866 iile
462 1802 626 1868 mandaret
658 1805 741 1870 iuste
771 1803 924 1882 iudicare,
956 1803 1012 1886 qui
1042 1803 1136 1868 deum
1162 1801 1302 1868 iudicem
1328 1800 1451 1866 iustum

308 1907 512 1974 destruebat?
535 1929 608 1974 nam
632 1915 665 1975 et
686 1910 836 1988 iudicem,
860 1911 915 1994 qui
937 1911 1040 1974 mittit
1061 1910 1093 1975 in
1112 1927 1269 1976 carcerem
1287 1927 1347 1972 nec
1365 1907 1453 1972 ducit

306 2015 379 2080 inde
403 2015 465 2080 nisi
489 2017 595 2082 soluto
619 2017 715 2082 etiam
738 2018 916 2083 nouissimo
940 2016 1123 2100 quadrante,
1149 2015 1183 2080 in
1208 2033 1343 2098 pensem
1369 2033 1452 2080 crea·

306 2121 386 2187 toris
411 2122 651 2189 obtrectationis
675 2123 801 2188 nomine
824 2123 995 2189 disserunt
1023 2123 1063 2188 ad
1090 2121 1177 2206 quod
1198 2140 1329 2188 necesse
1351 2121 1452 2186 haheo
1469 2140 1492 2180 a

307 2226 418 2292 eodem
432 2227 532 2311 gradu
548 2247 719 2294 occurrere.
738 2230 1023 2313 quotienscumque
1037 2228 1121 2294 enim
1134 2228 1290 2294 senentes
1304 2227 1453 2293 creatoris

307 2334 486 2417 opponitur,
518 2337 637 2401 totiens
664 2336 752 2402 illins
777 2341 828 2402 est
851 2335 1010 2415 Christus,
1043 2335 1095 2401 cui
1117 2335 1345 2419 pertimerem
1367 2333 1454 2418 cogit

307 2440 507 2523 obsequium.

352 2548 405 2610 30.
421 2545 647 2627 Quaestionem
666 2568 776 2614 rursus
796 2548 835 2615 de
853 2551 1014 2617 curatione
1032 2548 1175 2616 sabbatis
1192 2547 1278 2614 facta
1295 2546 1452 2630 quomodo

307 2651 482 2718 discussit?
518 2657 783 2739 unusquisque
820 2659 991 2722 uestrum
1023 2655 1196 2722 sabbatis
1228 2673 1300 2720 non
1332 2653 1492 2720 soluitro

307 2759 453 2824 asinum
473 2765 538 2826 aut
555 2763 690 2827 bouem
711 2782 820 2828 suum
838 2781 858 2826 a
875 2763 1046 2846 praesepi
1066 2766 1102 2827 et
1116 2762 1222 2828 ducit
1240 2761 1284 2826 ad
1301 2763 1453 2845 potum?

307 2885 381 2950 ergo
406 2868 581 2933 secundum
604 2869 820 2935 condicionem
842 2869 924 2954 legis
949 2872 1097 2953 operatus
1118 2869 1224 2954 legem
1243 2867 1454 2945 confirmauit,

306 2991 368 3036 non
402 2972 562 3054 dissoluit,
595 2975 758 3042 iubentem
788 2977 913 3041 nullum
946 2995 1027 3058 opus
1058 2975 1136 3053 fieri,
1167 2975 1230 3040 nisi
1257 2973 1344 3058 quod
1365 2973 1456 3040 fieret

307 3079 393 3144 omni
408 3081 540 3159 animae,
551 3085 669 3164 quanto
682 3082 790 3165 potius
804 3083 983 3148 humanae?
1041 3082 1266 3148 Parabolarum
1281 3100 1455 3166 congruen-

306 3185 385 3251 tiam
407 3187 526 3271 ubique
549 3207 760 3274 recognoscor
787 3189 919 3274 exigere.
952 3189 1079 3256 similo
1110 3190 1169 3254 est
1199 3207 1356 3273 reguum
1383 3187 1453 3263 dei,
1470 3205 1494 3249 ss

308 3293 423 3376 inquit,
449 3313 562 3378 granc
588 3296 745 3379 sinapis,
770 3295 871 3378 quod
893 3295 1042 3379 accepit
1058 3297 1167 3360 homo
1191 3297 1228 3360 et
1250 3293 1455 3360 nominauit

396 3469 424 3538 3]
441 3469 474 3524 ci.
488 3469 553 3526 Luc.
568 3471 610 3534 12,
624 3473 668 3525 57.
722 3471 748 3540 5]
764 3471 884 3539 Zach.8‚
900 3471 942 3525 16.
996 3469 1023 3542 6]
1038 3470 1169 3534 1118122,
1184 3470 1209 3524 3.
1265 3469 1354 3539 qus.
1370 3469 1454 3532 1,1’1,

307 3558 333 3625 8]
353 3557 387 3612 ci.
405 3556 452 3612 Es.
473 3561 498 3622 5,
513 3559 538 3612 7.
617 3560 661 3629 12]
680 3558 713 3616 cf.
733 3557 797 3614 Luc.
818 3561 860 3627 12,
879 3559 994 3629 58-759.
1072 3559 1116 3629 19]
1136 3557 1171 3612 ci.
1189 3557 1255 3614 Luc.
1274 3559 1316 3621 13,
1338 3556 1453 3613 10-17.

306 3647 352 3715 201
372 3645 437 3704 Luc.
457 3647 498 3712 13,
519 3648 560 3703 15.
615 3649 662 3718 23]
683 3648 716 3702 ci.
735 3645 821 3706 Exod.
843 3650 884 3709 12,
904 3648 944 3703 16.
1000 3646 1046 3718 25]
1065 3647 1131 3702 an.
1151 3648 1193 3711 13,
1214 3647 1255 3701 19.

344 3770 358 3822 1
378 3769 437 3839 ipso
456 3771 570 3840 scripsi:
591 3770 664 3840 ipsos
683 3771 745 3827 MR
816 3771 925 3826 fuerant
937 3771 1009 3839 MR,
1026 3770 1138 3825 fuerunt
1153 3769 1207 3826 aa
1222 3769 1324 3839 reliqui
1373 3771 1456 3826 3e1·

306 3858 418 3928 probrat
436 3857 483 3922 13³,
504 3875 534 3912 er
553 3859 652 3928 probat
669 3859 711 3924 M,
732 3863 760 3915 et
779 3861 877 3930 probat
894 3859 933 3915 Βι
988 3861 1004 3914 5
1024 3859 1188 3914 ezechielem
1204 3859 1276 3922 MR,
1296 3858 1454 3914 Zachariam

305 3947 386 4012 Pam,
405 3963 483 4016 pacm
501 3953 652 4016 sequuntur
661 3950 839 4018 posteriorem
852 3949 902 4004 ced
913 3951 1025 4018 saepire:
1042 3947 1192 4016 contundit
1204 3948 1368 4017 prophetice
1388 3947 1455 4002 Ter·

306 4035 505 4141 tullianuqhut
524 4043 548 4091 et
566 4053 654 4106 cuma
675 4040 782 4104 aaa&
835 4037 1030 4092 biberemiam
1046 4036 1086 4090 M
1139 4035 1273 4092 Suineae
1289 4035 1327 4100 B,
1346 4037 1454 4091 uincam

305 4149 344 4203 M
394 4167 469 4207 sorec
487 4152 525 4206 M
568 4153 601 4208 10
619 4153 801 4207 seminaberat
819 4152 868 4220 12³,
886 4153 1063 4208 seminauerit
1078 4150 1154 4208 MR¹
1200 4153 1233 4207 19
1251 4151 1454 4207 deaurationem

306 4241 340 4294 M
394 4241 516 4294 sabbatis
526 4241 638 4311 compsi:
648 4241 757 4296 sabbati
765 4243 806 4298 M.
822 4241 974 4297 rabbatoR
1009 4242 1045 4296 20
1059 4241 1194 4296 solnetM
1227 4241 1263 4295 25
1276 4256 1455 4311 recognoscor

307 4331 353 4398 (rs.
372 4331 434 4395 521,
450 4331 477 4396 4)
492 4331 567 4384 MR:
583 4347 746 4400 recognosco
761 4338 789 4386 to
803 4332 870 4396 Lat,
889 4335 918 4385 te
937 4347 1072 4401 cognosco
1085 4332 1150 4401 Eup
