3250 4959
398 427 460 481 VII.
480 427 648 482 Aduersus
667 429 866 482 Marcionem
885 429 932 483 lib,
952 429 1009 483 IIII
1029 430 1071 484 18.
1247 435 1313 499 479

164 622 218 710 [tu
251 643 303 700 es,
336 623 404 706 qui
436 623 575 688 uenis?
607 623 727 688 idest:
762 625 817 705 qui
847 627 1001 690 uenturus
1030 645 1079 702 es;
1113 647 1158 691 an
1187 628 1312 692 alinm

163 733 444 814 expectamus?
467 731 501 794 id
525 734 587 794 est:
613 749 650 794 an
671 731 753 796 alius
773 737 824 795 est
842 751 937 814 quern
960 739 1174 814 expectamus,
1199 735 1228 799 si
1250 755 1312 800 non

161 843 196 902 tu
217 855 251 901 es
271 855 365 919 quem
385 841 554 900 uenturum
571 834 807 923 expectamus?]
828 838 975 919 sperabat
990 839 1084 916 enim,
1104 840 1188 904 sicut
1203 860 1313 906 ornnes

162 943 382 1025 ophnabuntur,
415 962 452 1007 ex
480 942 687 1008 similitudme
715 943 977 1009 documentorum
1005 946 1149 1028 potuisse
1179 951 1211 1011 et
1241 967 1312 1030 pro·

130 1051 289 1133 aphctam
314 1051 440 1116 interim
464 1050 600 1114 missurn
625 1069 705 1127 esse,
730 1069 836 1132 aquo
859 1050 942 1116 alius
961 1055 1057 1127 esset,
1081 1052 1115 1116 id
1134 1057 1185 1116 est
1201 1054 1312 1132 maior,

161 1158 216 1239 qni
238 1160 393 1220 uenturus
418 1157 651 1240 expectabatur,
676 1156 746 1238 ipse
771 1157 897 1221 scilicet
919 1157 1075 1224 dominns.
1108 1162 1203 1242 atque
1232 1160 1311 1226 adeo

160 1265 221 1328 hoc
251 1266 318 1327 crat
339 1263 489 1328 Iohannis
519 1263 713 1340 scandalum,
743 1263 829 1346 quod
856 1264 1026 1330 dubitabat
1052 1266 1160 1347 ipsum
1183 1268 1312 1334 nomaso

160 1389 255 1451 quem
275 1370 491 1452 expectabant,
512 1389 605 1451 quern
626 1389 661 1433 ex
680 1370 870 1452 praedIcotis
889 1372 1126 1454 operationibus
1140 1374 1312 1459 agnouisse

160 1475 322 1540 debuerat.
337 1476 424 1558 (ant)
435 1480 472 1540 ut
487 1477 633 1540 dominus
649 1495 707 1557 per
720 1476 847 1540 easdem
863 1478 1062 1558 operationes
1076 1480 1311 1562 agnoscendum

114 1605 142 1648 ro
161 1603 195 1648 se
219 1583 415 1647 nuntiauerit
436 1583 588 1648 Iohanni?
609 1601 689 1665 quae
713 1602 784 1648 curn
805 1574 953 1648 constent
969 1585 1150 1668 praedicata
1168 1587 1201 1650 in
1220 1585 1311 1651 Obri-

161 1694 247 1754 stum
271 1689 433 1767 croatorIs,
458 1689 544 1754 sicut
566 1689 606 1753 ad
629 1689 757 1772 singula
781 1690 991 1768 ostendimus,
1015 1692 1094 1755 satis
1112 1711 1309 1774 peruersnm,

160 1801 199 1861 ut
221 1796 384 1862 Christum
416 1816 477 1862 non
506 1796 656 1861 creatoris
684 1815 741 1878 per
769 1815 806 1860 ea
833 1797 1023 1861 renuntiarit
1049 1797 1309 1882 intellegendum,

158 1923 215 1987 per
239 1922 318 1985 quae
342 1903 444 1987 magis
460 1903 622 1968 Christum
642 1903 791 1967 creatoris
811 1903 941 1986 agnosci
961 1895 1183 1984 compellebat.
1206 1906 1309 1969 multo

158 2011 351 2093 peruersius,
384 2011 412 2076 ai
440 2015 473 2074 et
495 2009 718 2075 testimoninm
742 2009 873 2074 Iohanni
895 2009 1042 2091 perhibet
1072 2029 1134 2075 non
1156 2010 1307 2076 Iohannis

113 2141 141 2180 rc
160 2117 318 2194 Christus,
332 2117 505 2199 propheten
518 2135 590 2181 enm
606 2113 806 2192 confirmans,
820 2114 919 2181 immo
935 2121 967 2180 et
981 2135 1087 2198 snpra,
1101 2120 1138 2181 ut
1147 2118 1308 2200 angelum,

159 2225 306 2306 ingerens
331 2223 427 2286 etiam
452 2224 607 2305 scriptum
631 2241 727 2306 super
748 2222 820 2288 illo:
845 2241 935 2288 ecce
958 2242 1028 2306 ego
1052 2223 1172 2288 mitto
1196 2243 1308 2308 ange·

159 2333 240 2395 tum
267 2348 395 2394 meum
424 2332 514 2394 ante
543 2329 689 2394 faciem
714 2334 834 2406 tuam,
867 2331 937 2412 qui
960 2335 1179 2414 praeparet
1200 2331 1307 2397 niam

161 2439 278 2514 tuam,
302 2437 465 2518 eleganter·
489 2435 528 2500 ad
552 2435 747 2517 superiorem
772 2455 902 2501 sensum
925 2436 1132 2502 scandalizati
1156 2436 1308 2503 Iohannis

160 2561 409 2607 commemorans
419 2542 628 2625 prophetiam,
642 2545 679 2606 ut
693 2542 880 2606 confirmans
891 2561 1126 2624 praecursorem
1135 2543 1307 2608 Iohannem

113 2673 141 2712 eo
158 2648 223 2712 iarn
246 2649 416 2713 aduenisse
440 2649 637 2732 extingueret
656 2650 842 2730 scrupulum
861 2650 1117 2733 Interrogationis
1136 2649 1241 2714 illius:
1264 2653 1307 2714 tn

161 2776 211 2832 es,
237 2756 304 2838 qni
327 2755 456 2834 uenis,
481 2774 526 2819 an
551 2756 674 2820 alium
695 2759 977 2838 expectamus?
1001 2775 1204 2838 praecursore
1223 2757 1307 2821 enim

159 2863 223 2926 iam
245 2863 354 2928 iuncto
380 2863 532 2938 officium,
555 2865 742 2944 praeparata
765 2862 820 2927 uia
843 2862 973 2938 domini,
1002 2863 1071 2945 ipse
1096 2867 1162 2926 erat
1183 2863 1307 2927 intelle-

158 2968 292 3053 gendus,
312 2970 364 3034 cui
379 2988 565 3053 praecursor
583 2970 828 3034 ministrauerat.
848 2969 990 3034 maioris
1009 2968 1139 3052 quidem
1159 2969 1306 3034 omnibus

248 3127 358 3195 1]ch.
378 3127 461 3188 ’1,19.
507 3129 536 3197 4]
551 3126 583 3180 cf.
602 3126 666 3180 Luc.
687 3128 711 3190 9,
727 3127 750 3181 7.
802 3126 847 3194 13]
868 3125 901 3179 ci.
920 3125 984 3178 Luc.
1004 3127 1029 3189 7,
1044 3126 1159 3179 21-28.
1211 3125 1305 3195 lues.

157 3215 222 3270 Luc.
243 3217 267 3284 7,
286 3215 329 3270 26.
387 3218 431 3285 16]
447 3215 512 3270 Luc.
532 3219 557 3280 7,
576 3216 619 3272 27.
674 3217 718 3286 20]
738 3217 802 3269 Luc.
823 3217 848 3280 7,
868 3217 910 3272 19.
969 3216 1015 3284 22]
1037 3215 1070 3268 cf.
1090 3215 1155 3268 Luc.
1175 3217 1201 3283 3,
1220 3217 1251 3283 43
1271 3216 1304 3269 cf.

158 3305 203 3358 Ee.
222 3305 266 3370 40,
286 3306 311 3360 3.
366 3305 412 3373 23]
433 3303 467 3358 ci.
486 3304 550 3358 Luc.
571 3307 596 3372 7,
616 3305 658 3356 28.

195 3429 208 3481 1
233 3433 263 3482 tu
288 3436 524 3499 ers—expectamus
547 3430 660 3486 seclusi:
687 3430 857 3484 Tertulliani
879 3430 951 3483 enirn
973 3445 1004 3482 eo
1026 3430 1119 3483 minue
1145 3428 1306 3482 crediderim

158 3533 214 3572 eoae
235 3517 286 3572 hoc
307 3519 588 3586 interpretamentum,
611 3520 679 3588 qnia
702 3519 776 3588 qnod
797 3521 921 3588 sequitur
939 3520 1011 3572 enim
1030 3525 1123 3586 aperte
1140 3519 1250 3586 respicit
1268 3518 1306 3571 od

157 3607 246 3660 nerto
263 3607 423 3676 simpliciter
441 3608 579 3676 inquirens
593 3626 649 3676 sqq.
705 3609 721 3660 6
741 3609 787 3676 qui
807 3617 937 3661 nontums
956 3605 1157 3678 expectabatur,
1175 3608 1233 3676 ipse
1252 3609 1304 3661 sci-

157 3695 224 3748 licet
246 3694 371 3749 dominns
394 3698 507 3764 scripsi:
529 3699 587 3765 ipse
611 3698 717 3751 scilicet
739 3697 874 3763 dominns,
898 3698 944 3764 qni
962 3699 1093 3749 uenturus
1113 3695 1306 3764 expectabatur

156 3783 221 3838 MR
274 3783 340 3838 801
355 3787 466 3854 scripsi:
486 3789 513 3839 et
527 3787 589 3840 MR
643 3786 807 3841 tidebuerat
825 3787 936 3853 scripsi:
955 3786 1105 3839 debuerant
1122 3785 1185 3838 MR
1257 3789 1305 3838 ant

158 3899 259 3954 addidi
313 3900 346 3954 10
364 3901 488 3954 Iohanni.
509 3919 577 3970 quae
596 3904 680 3971 rrutpo
753 3906 878 3957 constent
896 3903 932 3957 It.
953 3867 1059 3956 constet
1077 3901 1115 3953 Μ
1130 3903 1210 3967 (corr.
1228 3917 1263 3955 m.
1279 3902 1303 3966 1)

158 3991 192 4044 12
212 3989 350 4045 Christum
365 3991 399 4054 R,
420 3991 544 4046 Christus
559 3993 623 4044 ΜΕ
711 3993 859 4056 etaltera
878 3992 943 4045 Mn·
1022 3991 1056 4044 14
1073 3991 1190 4044 Iohanni
1208 3989 1244 4056 R,
1263 3989 1303 4043 io·

156 4081 260 4134 hannes
279 4079 344 4132 ΜΡ
427 4081 460 4135 15
478 4082 560 4134 immo
580 4086 608 4134 et
627 4097 715 4150 snpra,
735 4083 770 4148 cf.
789 4082 859 4135 Luc.
882 4085 906 4143 7,
927 4083 968 4134 26
990 4079 1032 4130 ναὶ
1055 4080 1098 4131 nod
1120 4077 1303 4147 περισσότερον

155 4164 291 4237 προφήτου
339 4169 371 4222 17
389 4173 532 4239 praeparet
550 4169 586 4238 R,
606 4170 837 4240 praepararem,
856 4169 1030 4239 praeparabit
1044 4167 1159 4222 PoneN
1195 4167 1229 4218 22
1248 4168 1302 4219 iam

156 4255 198 4308 bis
211 4255 249 4308 M
294 4257 329 4311 23
348 4258 558 4314 ministrnnerat.
573 4261 660 4314 maior
674 4261 696 4313 is
710 4260 808 4328 rer-bne·
815 4279 823 4312 :
840 4259 1043 4312 ministrauerat
1056 4257 1153 4310 maiori
1166 4255 1208 4321 M,
1222 4255 1303 4308 mini·

155 4348 299 4410 stranerat,
318 4350 403 4401 maior
421 4349 541 4419 Runtpo
