3250 4959
305 403 348 465 54
421 424 423 427 ·
532 399 649 463 Quinti
671 398 813 467 Septimi
832 397 1004 451 Florentia
1023 398 1228 452 Tertulliani

305 595 427 659 cantiae
459 594 695 676 suspicionem?
728 598 761 657 et
792 593 905 675 utique
937 613 1074 676 aequum
1106 596 1158 668 sit,
1187 594 1272 675 quod
1299 598 1332 659 et
1358 614 1452 678 snpra

304 700 575 777 demandauimns,
612 702 734 765 incerta
766 700 803 765 de
842 702 936 765 certis
974 706 1006 765 et
1037 701 1172 765 obscura
1203 701 1242 766 de
1273 702 1451 765 manifestis

304 808 522 889 praeiudicari,
547 809 600 873 uel
624 827 662 872 ue
685 810 768 871 inter
793 807 982 872 discordiam
1005 815 1162 872 certomm
1190 813 1223 871 et
1247 808 1450 884 incertorum,

305 915 545 979 manifestorum
570 918 603 979 et
625 915 833 979 obscurorum
863 913 939 978 fides
969 914 1152 996 dissipetur,
1180 914 1300 979 ueritas
1327 915 1450 997 pericli-

304 1025 400 1099 tetur,
443 1021 514 1105 ipsa
550 1021 701 1085 diuinitas
738 1024 776 1086 ut
808 1022 992 1086 inconstans
1030 1020 1204 1086 denotetur.
1242 1025 1329 1097 tuno,
1366 1022 1449 1102 quod
1479 1043 1493 1082 ε

303 1128 477 1193 uerisimile
504 1146 564 1192 non
598 1132 658 1195 est.
692 1131 730 1192 ut
757 1147 794 1192 ea
817 1127 940 1210 species
965 1128 1165 1205 sacramenti,
1193 1128 1225 1191 in
1253 1147 1348 1209 qnam
1371 1127 1449 1192 fides

304 1237 372 1298 tota
394 1234 616 1310 committitur,
645 1236 677 1298 in
702 1254 796 1317 quam
822 1234 990 1316 disciplina
1016 1237 1086 1299 tota
1113 1235 1273 1311 conititur,
1302 1235 1449 1319 ambigue

304 1340 488 1405 adnuntiata
511 1345 542 1405 et
566 1341 699 1406 obscure
727 1341 891 1423 proposita
914 1341 1068 1416 uideatur,
1094 1341 1219 1423 qnando
1243 1360 1318 1423 spes
1347 1362 1448 1405 resur-

301 1446 462 1521 rectionis,
494 1447 555 1512 nisi
588 1448 756 1511 manifesta
789 1446 827 1510 de
863 1448 1004 1529 periculo
1038 1451 1070 1511 et
1106 1448 1256 1529 praemio.
1293 1448 1449 1513 nemiuem

304 1552 343 1617 ad
375 1552 532 1618 eiusmodi
564 1552 749 1636 praesertim
782 1553 981 1636 religionem,
1013 1553 1141 1635 publico
1175 1554 1247 1619 odio
1280 1557 1312 1619 et
1339 1554 1448 1619 hostili
1470 1580 1495 1618 ro

303 1658 406 1742 elogio
436 1660 612 1737 obnoxiam,
640 1660 855 1742 persuaderet.
885 1660 1008 1724 nullum
1037 1680 1117 1742 opus
1145 1666 1267 1724 eertum
1296 1666 1347 1726 est
1370 1680 1448 1727 urer-

303 1766 389 1830 cedis
408 1767 556 1843 incertae,
576 1766 684 1830 nullus
702 1767 797 1831 timor
816 1767 921 1831 iustus
942 1770 991 1831 est
1004 1766 1137 1849 periculi
1156 1766 1256 1832 dubii.
1276 1772 1309 1832 et
1327 1786 1447 1833 merces

302 1878 409 1937 antem
443 1878 475 1937 et
507 1874 683 1955 perieulum
715 1874 747 1937 in
780 1874 1020 1938 resurrectionis
1052 1874 1167 1955 pendet
1198 1878 1323 1939 euentu.
1356 1877 1389 1937 et
1421 1875 1448 1938 si

303 1980 490 2061 temporalia
514 1981 547 2042 et
569 1980 684 2044 localia
703 1985 735 2044 et
751 1980 931 2063 personalia
950 1981 1000 2043 dei
1024 1980 1149 2044 decreta
1168 1985 1262 2062 atque
1280 1981 1399 2046 iudicia
1415 1982 1446 2043 in

302 2086 397 2149 nrbes
426 2088 459 2149 et
485 2091 597 2168 gentes
627 2088 659 2149 et
686 2104 776 2170 reges
805 2091 872 2150 tam
900 2092 1007 2168 aperte
1034 2087 1200 2167 prophetia
1226 2086 1365 2151 iaculata
1387 2091 1447 2163 est,
1469 2113 1493 2148 a

302 2191 394 2273 quale
410 2196 468 2267 est,
485 2196 522 2256 ut
541 2195 684 2257 aeternae
701 2192 931 2274 ‘dispositiones
950 2192 1019 2257 eius
1039 2198 1071 2256 et
1089 2192 1285 2257 uniuersales
1303 2194 1335 2257 in
1355 2212 1448 2257 omne

195 2307 197 2311 ’
301 2297 465 2361 hominum
499 2316 599 2381 genus
627 2298 733 2363 lucem
773 2298 825 2362 sui
856 2298 1017 2382 fugerint?
1050 2318 1130 2381 quae
1162 2305 1279 2381 quanto
1317 2300 1447 2370 maiora.

302 2408 390 2469 tanto
411 2404 542 2469 clariora
558 2425 627 2469 esse
648 2406 806 2482 deberent,
822 2410 860 2469 ut
878 2406 997 2472 maiora
1014 2406 1223 2471 crederentur.
1243 2410 1275 2471 et
1292 2409 1369 2489 puto
1388 2406 1447 2471 deo

301 2531 359 2575 nec
387 2512 519 2575 liuorem
553 2532 610 2576 nee
644 2513 749 2576 dolunr
788 2532 846 2577 neo
882 2513 1127 2577 inconstantiam
1162 2532 1220 2577 nec
1255 2514 1448 2578 lenocinium

301 2619 438 2683 adscribi
462 2639 567 2703 posse,
587 2640 642 2703 per
661 2641 741 2703 qnae
761 2622 825 2685 fere
850 2621 1061 2704 promulgatio
1084 2621 1240 2685 maiorum
1268 2620 1493 2686 candiatore·

346 2728 398 2789 22.
424 2726 502 2791 Post
524 2727 602 2790 haec
631 2726 669 2789 ad
694 2728 766 2791 illas
796 2728 891 2791 etiam
922 2728 1095 2809 scripturas
1127 2726 1359 2808 respiciendum
1386 2731 1448 2803 est,

301 2850 381 2913 qnae
406 2850 465 2895 non
491 2833 600 2897 sinunt
622 2834 887 2897 resurrectionem
916 2832 1091 2897 secuudum
1119 2833 1270 2897 animales
1292 2834 1383 2906 istos,
1408 2852 1447 2897 ne

301 2938 431 3002 dixerim
456 2938 625 3021 spiritales,
651 2945 706 3002 aut
726 2940 857 3003 hioiam
877 2939 909 3003 in
933 2940 1079 3004 ueritatis
1104 2940 1264 3023 agnitione
1287 2940 1446 3021 praesumi

301 3050 357 3108 aut
380 3045 417 3109 ab
443 3065 573 3110 excessu
598 3046 707 3110 statim
733 3047 819 3110 uitae
847 3046 1012 3111 uindicari.
1042 3064 1115 3109 enm
1139 3046 1220 3109 enim
1250 3049 1283 3109 et
1304 3049 1449 3127 tempora

299 3152 399 3215 totius
433 3152 500 3235 spei
533 3153 592 3216 fixa
616 3154 682 3217 sint
706 3156 906 3217 sacrosancto
931 3151 1017 3228 stilo,
1041 3189 1085 3199 -
1108 3154 1138 3217 in
1164 3152 1312 3231 aduentu,
1336 3152 1493 3234 opineris

301 3256 427 3339 Christi,
454 3296 497 3307 ·-
526 3279 583 3325 neo
607 3260 704 3324 liceat
727 3280 795 3323 eam
821 3264 891 3322 ante
921 3259 1084 3336 oonst'tui,
1112 3262 1190 3323 uota
1211 3264 1319 3322 nostra
1342 3258 1446 3340 suspi-

300 3368 371 3429 rant
402 3368 522 3431 saeculi
552 3368 645 3431 huius
676 3386 835 3440 oceasum,
858 3366 893 3430 in
915 3366 1085 3430 transitum
1110 3366 1220 3429 mnndi
1243 3382 1382 3447 quoqne,
1406 3364 1445 3427 ad

301 3472 383 3536 diem
408 3472 528 3538 domini
553 3494 714 3556 magnum,
744 3473 826 3535 diem
858 3473 921 3535 irae
955 3476 986 3535 et
1011 3472 1237 3550 retributionis,
1266 3470 1349 3535 diem
1372 3470 1443 3533 ulti-

389 3596 434 3664 ss]
456 3596 488 3650 or.
509 3596 554 3648 ns.
577 3596 685 3659 13‚‚13;
708 3594 789 3663 eope.
804 3592 834 3658 a,
856 3595 884 3660 2,
905 3591 949 3646 os.
970 3594 995 3661 ε,
1016 3594 1039 3646 r.

336 3701 401 3753 3nt
421 3718 454 3753 ne
473 3701 538 3770 Eup
591 3702 695 3753 litune
719 3698 831 3763 MFR¹,
854 3704 912 3752 turn
936 3698 1002 3752 ΡΒ3
1023 3699 1108 3768 uulgo
1162 3700 1264 3769 6spes
1283 3700 1446 3754 sacramenti

300 3788 333 3841 de
360 3788 390 3841 la
420 3788 509 3842 Cerdo
565 3788 581 3841 8
610 3786 772 3840 adnuntiata
795 3787 831 3848 R,
861 3786 980 3839 adunata
998 3786 1093 3854 PMF,
1123 3786 1255 3840 adnotata
1280 3803 1354 3854 οπερ.
1382 3788 1447 3856 Eup

302 3876 334 3928 13
359 3885 384 3928 et
409 3877 431 3927 si
455 3875 548 3934 PMF,
574 3874 620 3928 sed
645 3878 673 3927 et
696 3876 718 3927 si
740 3874 776 3929 Β,
800 3878 829 3927 et
845 3877 1022 3944 (postremo)
1041 3875 1062 3926 si
1075 3877 1146 3942 fort.
1203 3876 1235 3927 15
1258 3880 1352 3944 aperte
1374 3873 1447 3928 Lat.-

299 3970 393 4031 eperta
412 3964 501 4017 PMF
556 3965 587 4016 17
607 3963 743 4017 hominurn
764 3962 832 4025 PM,
852 3964 998 4015 humanum
1018 3964 1048 4016 F
1099 3963 1134 4016 20
1153 3964 1222 4015 serre
1245 3963 1307 4015 PM
1364 3964 1397 4017 25
1416 3964 1445 4017 in

300 4052 419 4106 aduentu
434 4052 529 4121 PMF,
549 4052 577 4104 in
597 4052 742 4105 aduentum
760 4050 784 4105 0
854 4052 940 4104 umba
955 4052 982 4104 in
998 4050 1124 4114 aduentu,
1139 4052 1242 4120 opinor,
1258 4051 1360 4106 Christi
1375 4068 1446 4121 quoe

299 4143 331 4193 a'n
346 4142 423 4195 libris
435 4158 495 4195 nass.
511 4142 602 4211 paulo
616 4142 697 4209 infra
706 4146 771 4209 post
786 4142 915 4194 constitui
933 4142 1066 4209 teguntur,
1080 4140 1133 4194 huc
1146 4141 1279 4193 transtuli
1331 4142 1366 4195 26
1381 4158 1445 4194 con-

298 4232 378 4282 stitui
392 4230 488 4299 PMF,
503 4232 753 4299 constitui<quam>
768 4218 936 4297 Gcl'reliqui
989 4230 1022 4282 27
1038 4228 1241 4285 saeculiPMF.
1259 4231 1327 4297 <in>
1344 4230 1446 4284 saeculi

303 4318 472 4389 decretique·
539 4322 566 4373 in
586 4321 728 4373 transitum
749 4336 830 4373 sewu
848 4319 932 4385 finali
