3250 4959
636 344 853 445 Praelatio.
1226 392 1315 458 XXV

165 594 270 654 tamen
299 586 417 653 certius
445 585 583 650 indicare
612 584 760 669 neglexit.
788 602 825 649 ex
852 582 903 649 his
926 583 1027 649 fuisse
1051 603 1149 655 unum
1174 582 1316 649 codicem

163 694 205 771 N,
231 694 287 777 qui
306 713 390 760 nnnc
409 692 588 759 Florentiae
608 695 802 768 assabatur,
832 692 885 757 uel
908 691 1125 775 apographum
1149 691 1230 771 sins,
1254 692 1315 757 etsi

163 801 258 867 bodie
281 801 348 866 iarn
371 820 433 866 non
456 798 619 864 inuenitur
641 799 673 864 in
697 797 893 865 bibliotheca
916 797 1079 878 Vaticana,
1107 798 1186 865 satis
1212 798 1316 882 liquet

164 926 200 971 en
223 907 324 972 uariis
345 904 539 973 lectionibus
561 904 634 969 inde
656 904 814 987 repetitis,
838 923 919 987 quae
942 904 1060 987 ubique
1083 904 1148 969 lere
1166 924 1241 971 cum
1257 905 1314 971 illo

162 1012 272 1080 codice
301 1010 463 1099 faciunt²)
496 1010 613 1095 reliqui
641 1030 750 1075 omnes
775 1030 811 1075 ex
835 1030 945 1077 eornm
968 1030 1099 1077 numero
1127 1014 1226 1089 erant,
1258 1011 1314 1094 qui

163 1120 266 1185 adbuc
281 1120 315 1185 in
330 1120 483 1186 Vaticana
496 1118 706 1202 reperiuntur,
727 1117 878 1202 descripti
896 1138 916 1183 a
934 1137 985 1183 me
1002 1118 1035 1183 in
1055 1116 1314 1185 commentariolo

162 1242 259 1308 snpra
281 1222 476 1307 nemineum)
499 1228 533 1290 et
554 1223 594 1290 ad
617 1244 715 1289 unum
740 1243 849 1291 omnes
872 1224 996 1290 reducti
1018 1224 1059 1289 ad
1082 1224 1225 1291 codicem
1244 1224 1314 1289 ulo-

160 1331 320 1395 rentinnm
340 1330 376 1395 F
390 1332 461 1398 siue
484 1332 524 1398 ad
546 1332 764 1417 apographum
787 1332 858 1397 eius
876 1351 972 1397 manu
990 1331 1117 1397 Nicolai
1133 1332 1173 1397 de
1190 1329 1314 1397 Nicolis

162 1440 335 1503 exaratum.
369 1439 425 1522 qui
447 1438 522 1503 libri
551 1439 636 1523 quod
669 1438 752 1504 unde
784 1438 978 1523 prodiissent
1008 1442 1041 1503 ot
1072 1439 1182 1523 quanti
1207 1444 1316 1505 essent

161 1544 353 1609 aestimandi
375 1545 516 1611 iudicare
540 1545 628 1611 nullo
651 1548 746 1628 pacto
770 1544 877 1628 potnit
898 1545 1072 1624 Pamelius‚
1097 1546 1165 1610 sins
1191 1545 1315 1611 ratione

161 1669 235 1717 curn
269 1654 302 1717 et
333 1650 453 1717 indicio
485 1652 552 1717 illis
579 1670 677 1718 usum
701 1670 771 1719 esse
799 1651 918 1717 nomini
946 1652 1007 1717 erit
1032 1652 1159 1717 mirum.
1191 1652 1314 1736 passim

158 1863 378 1929 fallacissimis
411 1864 564 1931 subsidiis
597 1864 768 1931 subuenire
800 1883 900 1931 ausus
932 1867 984 1930 est
1013 1864 1219 1944 Tertulliano,
1257 1866 1313 1948 qui

160 1973 312 2054 quantam
339 1971 430 2039 illino
461 1973 568 2039 labem
599 1973 729 2039 traxerit
760 1972 814 2039 uix
845 1976 954 2058 potest
982 1973 1055 2039 dici.
1078 1993 1163 2054 nam
1191 1972 1253 2039 etsi
1276 1993 1312 2038 ex

158 2076 269 2143 codice
282 2076 323 2141 N
331 2079 414 2161 (sine
428 2078 497 2145 eius
513 2077 709 2166 apographo)
730 2099 825 2145 suum
844 2079 1003 2145 interdum
1022 2078 1160 2146 reddidit
1178 2079 1312 2160 auctori,

159 2188 268 2248 tamen
292 2187 325 2248 et
347 2184 380 2249 in
402 2186 463 2251 boc
488 2186 597 2251 codice
621 2185 797 2251 adhibendo
821 2188 985 2270 tantopere
1012 2186 1094 2250 inter
1115 2185 1259 2251 Rhenani
1281 2188 1315 2250 et

158 2289 281 2355 codicis
297 2290 348 2355 sui
362 2292 587 2358 anctoritatem
601 2294 694 2358 nutat
710 2290 842 2367 indicio,
860 2296 899 2357 ut
914 2291 1080 2357 libidinem
1100 2310 1191 2356 suam
1209 2291 1313 2376 magis

158 2414 256 2479 quarn
278 2397 435 2463 rationem
458 2397 607 2463 uideatur
629 2397 730 2482 sequi.
754 2396 811 2463 nbi
834 2418 911 2464 nero
934 2401 1059 2483 praeter
1081 2416 1207 2463 omnem
1226 2397 1311 2463 codi-

156 2520 231 2567 cum
264 2504 488 2570 auctoritatem
519 2511 644 2570 mutare
672 2504 749 2588 quid
778 2504 886 2583 audet,
918 2504 1025 2571 nescio
1049 2508 1155 2570 utrum
1181 2505 1309 2588 saepius

158 2608 190 2674 in
216 2610 262 2675 eis
287 2629 367 2692 qnae
391 2612 468 2677 bene
492 2630 526 2677 se
549 2611 671 2677 babent
692 2611 807 2677 iniuria
831 2611 999 2677 offenderit
1021 2630 1060 2676 an
1078 2612 1170 2677 falsis
1189 2611 1310 2677 coniec-

159 2715 241 2779 turis
275 2717 449 2782 tentauerit
476 2736 556 2800 quae
585 2721 733 2802 corrupta
756 2735 827 2784 esse
850 2721 937 2783 recte
959 2721 1109 2783 senserat
1140 2719 1225 2783 certe
1247 2735 1310 2782 non

157 2819 204 2885 ita
227 2822 340 2887 multis
363 2822 444 2889 loeis
468 2823 684 2889 coniecturam
706 2823 922 2889 Pamelianam
945 2823 1029 2889 inter
1049 2823 1149 2889 uerba
1169 2822 1310 2907 recipere

160 2928 340 3009 potuimus,
363 2946 399 2994 eo
425 2929 553 3012 saepius
576 2933 682 2995 autem
706 2930 917 2995 remouendae
940 2933 1029 3008 erant
1052 2950 1130 3013 quas
1157 2949 1194 2996 ex
1220 2933 1310 3013 parte

158 3034 370 3117 probauerant
382 3036 575 3119 posteriores
592 3035 854 3119 interpolationes
874 3036 954 3117 eius,
973 3037 1042 3102 siue
1062 3056 1098 3102 ex
1117 3036 1309 3102 deteriorum

160 3140 305 3207 codicum
328 3141 518 3208 auctoritate
541 3142 610 3209 siue
642 3142 802 3225 exipsius
830 3143 1013 3208 coniectura
1038 3143 1145 3209 uerbis
1169 3142 1308 3209 auctoris

157 3247 306 3313 intextae.
322 3248 478 3332 imprimis
493 3250 578 3314 enim
593 3268 699 3314 sacrae
714 3249 890 3333 scripturae
903 3250 1003 3328 locos,
1022 3249 1126 3316 sicubi
1140 3248 1308 3315 dissentire

158 3354 289 3421 uidebat
302 3374 321 3420 a
335 3355 475 3440 Vulgata
490 3375 584 3439 qnam
598 3356 735 3421 dicimus
749 3357 941 3434 recensione,
961 3357 1136 3422 secundum
1151 3356 1240 3422 illam
1254 3358 1307 3422 nel

203 3579 223 3648 1)
244 3579 324 3647 Quod
346 3580 389 3634 nti
411 3580 535 3652 patefiat,
553 3610 589 3621 —-
607 3580 667 3644 etsi,
691 3580 856 3651 ubicumque
874 3580 1143 3651 Montepessnlannm
1166 3581 1306 3645 habemns,

94 3658 96 3662 ’
157 3685 269 3739 prorsus
288 3668 393 3723 nnllnm
409 3667 509 3724 codicis
522 3668 557 3723 N
573 3686 631 3724 esse
646 3686 723 3723 nsum
738 3668 983 3725 demonstrauimus
997 3700 1032 3709 -
1047 3668 1176 3724 adnotare
1191 3670 1308 3724 Pamelii

157 3774 217 3812 cnm
235 3758 285 3811 illo
304 3756 375 3811 libro
395 3761 490 3812 contra
507 3757 626 3827 reliquos
646 3774 807 3812 consensum
831 3775 885 3811 non
908 3758 1073 3829 superfluum
1096 3756 1168 3825 duxi,
1187 3758 1215 3811 id
1235 3758 1306 3828 qnod

157 3849 302 3917 propterea
331 3847 414 3901 etiam
441 3845 544 3901 lactum
572 3847 650 3911 scito,
676 3850 708 3902 nt
736 3850 868 3916 qnantum
890 3846 1124 3917 Montepessnlani
1147 3866 1266 3919 propago
1291 3866 1306 3901 a

157 3938 270 4003 parente
292 3934 346 3988 iarn
371 3934 510 3989 abstiterit
532 3935 629 3989 melius
654 3938 841 4005 cognoscatur.
865 3939 985 3991 ceterum
1008 3936 1056 3990 nbi
1078 3953 1109 3990 cx
1133 3936 1185 3990 boc
1213 3938 1305 3991 codice

156 4021 295 4077 Pamelins
315 4040 407 4077 nerum
426 4024 557 4089 restitnit,
577 4024 647 4079 nibil
666 4025 830 4094 significem,
847 4024 948 4094 ubique
963 4042 1021 4079 eam
1037 4025 1168 4079 rationem
1187 4030 1305 4091 secutus,

157 4113 189 4165 nt
206 4112 254 4166 ubl
272 4114 434 4181 superstites
456 4116 520 4168 sunt
542 4113 596 4184 ipsi
618 4113 682 4167 libri
700 4113 889 4185 manuscripti,
909 4113 975 4183 quid
994 4129 1024 4168 ex
1043 4114 1084 4168 eis
1107 4112 1305 4184 desumpserint

156 4201 260 4271 priores
279 4201 397 4257 editores
416 4220 469 4257 non
489 4219 734 4258 commemorarem.

202 4290 223 4356 ²)
244 4290 278 4346 cl.
297 4290 353 4347 Dic
373 4279 755 4362 Tertulliarcl'lberls'efcrmsp
772 4294 804 4347 ia
821 4292 930 4348 Italica
948 4311 974 4363 p.
993 4294 1064 4346 a-5
1084 4296 1113 4347 et
1133 4293 1244 4347 18-19.
