3250 4959
427 426 461 482 11.
481 427 526 480 Dc
546 426 660 482 Cernis
680 427 940 484 Resurrectione
959 432 1074 486 47-48.
1283 438 1325 500 99

174 622 362 705 quomodo
384 622 532 704 quidum
554 623 686 687 dicunt
705 624 739 686 in
765 624 875 688 uobis
895 626 1211 691 resurrectionem
1235 646 1326 692 mor-

173 731 327 793 tuorum
350 747 420 794 uon
441 733 545 793 esse?
570 749 662 812 quse
682 729 714 794 si
733 748 801 794 non
827 734 895 804 est,
920 749 985 795 nec
1006 730 1186 797 Christus
1205 752 1326 798 resur-

175 836 283 900 rexit.
304 836 336 900 si
353 835 528 902 Christus
544 855 612 900 non
629 837 848 914 resurrexit,
867 838 990 902 inanis
1011 843 1069 902 est
1089 839 1325 922 praedicatio

175 945 318 1020 nostre,
343 961 463 1006 uscue
486 946 543 1008 est
567 942 664 1008 rides
688 949 826 1008 nostra.
851 945 1091 1009 inueniemur
1114 945 1210 1010 enim
1233 946 1325 1011 fulsi

127 1069 156 1107 e
177 1053 299 1113 testes
320 1048 389 1125 dei,
406 1049 743 1132 quitestimonium
765 1050 983 1127 dixerimus,
1003 1050 1102 1133 quod
1120 1053 1326 1116 resuscita-

176 1156 279 1220 uerit
298 1155 499 1232 Christum,
525 1175 631 1238 quem
652 1176 721 1221 non
742 1157 1005 1221 resuscitauit.
1030 1177 1110 1221 num
1135 1159 1167 1222 si
1186 1162 1327 1224 mortui

177 1282 249 1326 uon
282 1267 497 1348 resurgunt,
526 1283 592 1328 nec
622 1263 799 1329 Christus
829 1265 1046 1330 resurrexit.
1081 1265 1111 1328 si
1147 1264 1324 1330 Christus

176 1389 248 1434 non
273 1369 491 1446 resurrexit,
520 1390 615 1435 usus
644 1375 704 1436 est
731 1371 831 1436 tides
859 1376 998 1447 uestro,
1029 1372 1115 1454 quie
1134 1371 1263 1436 'adhuc
1291 1373 1326 1437 iu

178 1475 335 1540 delictis
363 1477 505 1541 uestris
537 1480 643 1554 estis,
678 1480 713 1541 et
747 1478 807 1559 qui
842 1479 878 1541 in
908 1477 1060 1542 Christo
1091 1477 1328 1543 dormierunt

129 1603 157 1642 ιο
177 1582 381 1666 perierunt.
405 1603 461 1665 per
483 1584 561 1650 hacc
585 1585 635 1648 cui
660 1605 716 1650 nos
744 1585 788 1648 rei
813 1584 985 1649 credendae
1012 1585 1140 1650 uidetur
1163 1589 1326 1650 extruere?

177 1691 412 1770 resurrectioni,
438 1693 556 1774 inquis,
585 1697 793 1770 mortuorum,
824 1711 905 1774 quoe
933 1692 1117 1777 negebatur.
1152 1695 1235 1756 certe
1269 1692 1326 1755 suh

178 1799 322 1881 exemplo
356 1798 530 1863 dominicae
567 1799 808 1864 resurrectionis
846 1800 957 1864 uolens
995 1820 1063 1864 eam
1102 1799 1194 1863 credi.
1232 1801 1326 1872 certe,

178 1903 296 1986 inquis.
320 1903 497 1986 exemplum
522 1923 612 1987 porro
638 1924 674 1968 ex
697 1905 884 1969 diuersitate
907 1923 945 1967 un
965 1923 1001 1967 cx
1019 1904 1177 1986 parilitate
1202 1922 1327 1988 compo-

178 2009 288 2074 nitur?
311 2011 434 2094 utique,
459 2010 575 2093 inquis,
603 2029 638 2075 ex
663 2011 831 2093 parilitate.
860 2011 1019 2093 quomodo
1049 2017 1155 2075 autem
1180 2011 1326 2077 Christus

130 2134 157 2174 ιε
178 2117 370 2181 resurrexit?
406 2117 439 2182 in
477 2135 566 2182 cerne
600 2136 638 2182 cn
675 2122 759 2182 nou?
793 2118 862 2182 sine
890 2117 998 2192 dnbio,
1036 2118 1063 2180 si
1100 2121 1272 2196 mortuum,
1300 2119 1328 2182 si

179 2224 343 2306 sepultum
368 2223 459 2288 audis
484 2223 658 2288 secuudum
679 2224 851 2308 scripturus
875 2243 934 2288 non
960 2223 1038 2288 alius
1059 2245 1153 2307 quum
1176 2225 1208 2288 in
1228 2243 1328 2302 cerne,

179 2348 280 2412 neque
315 2330 543 2394 resuscitatum
580 2330 610 2393 in
644 2349 736 2394 carne
773 2329 935 2394 concedes.
973 2330 1079 2412 ipsum
1112 2331 1205 2403 enim,
1244 2330 1328 2412 quod

180 2436 296 2501 cecidit
318 2437 350 2501 in
373 2439 485 2514 morte,
510 2436 595 2519 quod
623 2436 721 2501 iacuit
744 2437 775 2501 in
801 2436 975 2519 sepulture,
1005 2437 1065 2501 hoc
1094 2441 1125 2501 et
1151 2437 1329 2513 resurrexit,

179 2563 240 2608 uon
270 2547 334 2607 tem
364 2543 510 2608 Christus
538 2541 570 2606 in
600 2561 691 2606 carne
720 2561 815 2624 quam
844 2560 914 2607 caro
942 2542 974 2606 in
1004 2541 1140 2608 Christo.
1173 2543 1273 2626 igitur
1301 2544 1327 2605 si

130 2667 159 2706 ²⁰
179 2651 219 2714 ad
253 2650 431 2732 exemplum
466 2649 586 2714 Christi
621 2667 836 2734 resurgemus.
874 2649 927 2730 qui
960 2649 1130 2713 resurrexit
1161 2648 1192 2713 in
1225 2667 1328 2724 carne,

177 2758 241 2822 iam
270 2777 331 2822 non
361 2757 400 2820 ud
428 2756 607 2838 exemplum
636 2755 754 2820 Christi
784 2774 999 2839 resurgemus,
1030 2755 1057 2819 si
1084 2774 1145 2818 non
1176 2754 1207 2817 in
1237 2772 1328 2818 carne

177 2869 211 2928 et
234 2863 298 2944 ipsi
324 2881 543 2946 resurgemus:
574 2861 662 2944 quis
689 2881 753 2943 per
782 2861 980 2939 hominem,
1009 2861 1122 2943 inquit,
1152 2879 1263 2935 mors,
1292 2865 1329 2923 et

177 2989 243 3054 per
271 2969 459 3034 hominem
488 2969 730 3045 resurrectio,
760 2971 796 3032 ut
824 2971 985 3051 separaret
1013 2967 1140 3050 quidem
1171 2971 1328 3043 suctores,

177 3077 291 3142 mortis
316 3077 427 3152 Adoro,
452 3074 615 3140 Christum
638 3075 889 3148 resurrectionis,
915 3074 1057 3138 eiusdem
1081 3076 1188 3137 nutem
1213 3072 1330 3137 consti·

128 3199 158 3239 ²⁵
178 3187 286 3248 tueret
309 3183 505 3248 substantiae
529 3181 802 3258 resurrectionem,
828 3181 919 3246 cuius
944 3185 975 3244 et
998 3183 1143 3256 mortem,
1167 3199 1223 3261 per
1245 3179 1329 3261 ipso·

178 3312 250 3356 rum
267 3295 430 3356 auctorum
447 3290 479 3352 in
496 3290 620 3354 nomine
634 3289 772 3353 hominis
789 3289 1063 3371 comparationem.
1080 3286 1107 3350 si
1122 3286 1205 3350 enim
1227 3286 1330 3352 sicut

176 3399 215 3462 iu
250 3397 364 3462 Adam
397 3415 524 3462 omnes
558 3395 782 3473 moriuntur,
811 3395 866 3458 ite
894 3398 930 3458 et
958 3394 992 3458 in
1019 3393 1171 3459 Christo
1201 3410 1328 3456 omnes

176 3504 499 3581 uiuificahuntur,
515 3521 605 3567 carne
621 3501 869 3566 uiuificnbuntur
883 3501 915 3563 in
932 3500 1067 3576 Christo,
1083 3500 1167 3563 sicut
1186 3498 1217 3562 in
1228 3498 1329 3562 Adam

270 3749 315 3818 15]
337 3747 369 3801 cf.
389 3745 403 3800 1
423 3745 483 3802 Cor.
506 3745 645 3810 lue-4.
701 3745 746 3814 22]
766 3744 780 3798 Ι
802 3745 863 3800 Cor.
883 3745 926 3812 15,
946 3745 990 3800 21.
1046 3744 1092 3812 26]
1113 3743 1126 3795 I
1146 3741 1206 3797 Cor.
1226 3742 1267 3805 15,
1286 3741 1330 3794 22.

214 3874 231 3926 3
255 3873 278 3926 si
301 3871 398 3938 PMF,
423 3871 447 3923 si
470 3872 558 3923 autem
587 3869 610 3922 0
685 3869 851 3939 praedicatio
877 3871 969 3922 uestra
992 3867 1058 3922 ΡΗ1
1131 3868 1267 3927 4,uscus
1289 3867 1331 3917 est

176 3961 246 4016 fides
269 3965 373 4022 nostru,
395 3960 565 4014 inueniemur
584 3960 618 4027 B,
643 3975 728 4012 uacus
753 3965 794 4012 est
819 3963 846 4011 ct
869 3958 936 4012 fides
961 3961 1061 4011 uestra.
1080 3957 1249 4010 inueniemur
1270 3955 1329 4020 uer,

175 4053 350 4105 inuenicmur
367 4047 458 4103 PMF
528 4048 679 4102 inuenimur
699 4052 788 4100 autem
811 4046 835 4099 C
897 4047 1078 4101 5dixerimus
1098 4044 1196 4107 PMF,
1216 4043 1331 4096 diximus

178 4139 311 4194 aduersus
340 4137 419 4192 deum
450 4137 474 4192 0
538 4139 569 4192 17
599 4137 728 4192 concedes
756 4137 870 4204 scripsi:
897 4135 1023 4189 concedis
1051 4135 1141 4188 PMF
1201 4133 1233 4186 18
1261 4149 1330 4186 mor·

177 4227 281 4283 temG
353 4231 382 4280 ct
404 4243 455 4281 om.
474 4227 501 4279 B
555 4226 590 4279 23
614 4231 752 4295 separaret
775 4226 811 4278 M
834 4226 907 4294 (cyil.
930 4243 960 4278 ra
983 4241 1005 4278 s.
1029 4241 1056 4277 u.
1082 4223 1147 4277 odd.
1166 4239 1199 4275 m.
1220 4220 1250 4286 2)
1271 4220 1330 4278 Get.

178 4318 290 4386 separet
307 4313 365 4368 PF

1260 4416 1291 4468 7.
