<?xml version="1.0" encoding="UTF-8"?>
<!DOCTYPE html PUBLIC "-//W3C//DTD XHTML 1.0 Transitional//EN"
    "http://www.w3.org/TR/xhtml1/DTD/xhtml1-transitional.dtd">
<html xmlns="http://www.w3.org/1999/xhtml" xml:lang="en" lang="en">
 <head>
  <title>
</title>
<meta http-equiv="Content-Type" content="text/html;charset=utf-8" />
  <meta name='ocr-system' content='tesseract 3.04.00' />
  <meta name='ocr-capabilities' content='ocr_page ocr_carea ocr_par ocr_line ocrx_word'/>
</head>
<body>
  <div class='ocr_page' id='page_1' title='image "./corpusscriptoru20wissgoog_0620.png"; bbox 0 0 3250 4959; ppageno 0'>
   <div class='ocr_carea' id='block_1_1' title="bbox 314 427 1235 500">
    <p class='ocr_par' dir='ltr' id='par_1_1' title="bbox 314 427 1235 500">
     <span class='ocr_line' id='line_1_1' title="bbox 314 427 1235 500; baseline -0.011 -10"><span class='ocrx_word' id='word_1_1' title='bbox 314 437 381 500; x_wconf 84' lang='grc'>542</span> <span class='ocrx_word' id='word_1_2' title='bbox 458 469 461 476; x_wconf 41' lang='lat'><em>1</em></span> <span class='ocrx_word' id='word_1_3' title='bbox 540 431 658 496; x_wconf 82' lang='lat' dir='ltr'>Quinti</span> <span class='ocrx_word' id='word_1_4' title='bbox 679 429 823 499; x_wconf 75' lang='lat' dir='ltr'><strong>Septimi</strong></span> <span class='ocrx_word' id='word_1_5' title='bbox 841 428 1013 483; x_wconf 78' lang='lat' dir='ltr'>Florentio</span> <span class='ocrx_word' id='word_1_6' title='bbox 1032 427 1235 482; x_wconf 77' lang='lat' dir='ltr'>Tertulliani</span> 
     </span>
    </p>
   </div>
   <div class='ocr_carea' id='block_1_2' title="bbox 313 623 1462 1024">
    <p class='ocr_par' dir='ltr' id='par_1_2' title="bbox 313 623 1462 1024">
     <span class='ocr_line' id='line_1_2' title="bbox 315 623 1460 706; baseline -0.006 -13"><span class='ocrx_word' id='word_1_7' title='bbox 315 633 347 693; x_wconf 93' lang='lat' dir='ltr'>et</span> <span class='ocrx_word' id='word_1_8' title='bbox 369 627 456 692; x_wconf 83' lang='lat' dir='ltr'>ideo:</span> <span class='ocrx_word' id='word_1_9' title='bbox 490 626 596 691; x_wconf 89' lang='lat' dir='ltr'>fides</span> <span class='ocrx_word' id='word_1_10' title='bbox 630 629 699 689; x_wconf 85' lang='lat' dir='ltr'>tue</span> <span class='ocrx_word' id='word_1_11' title='bbox 729 629 767 690; x_wconf 91' lang='lat' dir='ltr'>te</span> <span class='ocrx_word' id='word_1_12' title='bbox 799 625 961 690; x_wconf 86' lang='lat' dir='ltr'>saluum</span> <span class='ocrx_word' id='word_1_13' title='bbox 988 623 1100 704; x_wconf 86' lang='lat' dir='ltr'>feeit,</span> <span class='ocrx_word' id='word_1_14' title='bbox 1133 623 1245 702; x_wconf 80' lang='lat' dir='ltr'>audiit,</span> <span class='ocrx_word' id='word_1_15' title='bbox 1273 624 1460 706; x_wconf 89' lang='lat' dir='ltr'>quiaintel·</span> 
     </span>
     <span class='ocr_line' id='line_1_3' title="bbox 313 728 1462 814; baseline -0.003 -18"><span class='ocrx_word' id='word_1_16' title='bbox 313 734 433 798; x_wconf 79' lang='lat' dir='ltr'>leserat</span> <span class='ocrx_word' id='word_1_17' title='bbox 456 752 563 797; x_wconf 86' lang='lat' dir='ltr'>ueram</span> <span class='ocrx_word' id='word_1_18' title='bbox 587 751 621 796; x_wconf 90' lang='lat' dir='ltr'>se</span> <span class='ocrx_word' id='word_1_19' title='bbox 645 731 703 797; x_wconf 90' lang='lat' dir='ltr'>deo</span> <span class='ocrx_word' id='word_1_20' title='bbox 728 731 938 814; x_wconf 77' lang='lat' dir='ltr'><strong>omnipotenti</strong></span> <span class='ocrx_word' id='word_1_21' title='bbox 957 730 1161 807; x_wconf 84' lang='lat' dir='ltr'>oblationem,</span> <span class='ocrx_word' id='word_1_22' title='bbox 1185 731 1360 814; x_wconf 84' lang='lat' dir='ltr'>gratiarum</span> <span class='ocrx_word' id='word_1_23' title='bbox 1378 728 1462 794; x_wconf 85' lang='lat' dir='ltr'>seili-</span> 
     </span>
     <span class='ocr_line' id='line_1_4' title="bbox 314 835 1460 922; baseline -0.005 -17"><span class='ocrx_word' id='word_1_24' title='bbox 314 844 366 905; x_wconf 89' lang='lat' dir='ltr'>oet</span> <span class='ocrx_word' id='word_1_25' title='bbox 388 841 555 914; x_wconf 75' lang='lat' dir='ltr'>actionem,</span> <span class='ocrx_word' id='word_1_26' title='bbox 580 838 666 922; x_wconf 86' lang='lat' dir='ltr'>apud</span> <span class='ocrx_word' id='word_1_27' title='bbox 688 857 800 902; x_wconf 90' lang='lat' dir='ltr'>uerum</span> <span class='ocrx_word' id='word_1_28' title='bbox 822 838 979 920; x_wconf 89' lang='lat' dir='ltr'>templum</span> <span class='ocrx_word' id='word_1_29' title='bbox 1004 839 1036 901; x_wconf 91' lang='lat' dir='ltr'>et</span> <span class='ocrx_word' id='word_1_30' title='bbox 1057 855 1169 900; x_wconf 90' lang='lat' dir='ltr'>uerum</span> <span class='ocrx_word' id='word_1_31' title='bbox 1192 835 1375 918; x_wconf 82' lang='lat' dir='ltr'>pontificem</span> <span class='ocrx_word' id='word_1_32' title='bbox 1393 837 1460 900; x_wconf 85' lang='lat' dir='ltr'>eius</span> 
     </span>
     <span class='ocr_line' id='line_1_5' title="bbox 315 941 1461 1024; baseline -0.004 -13"><span class='ocrx_word' id='word_1_33' title='bbox 315 945 477 1012; x_wconf 75' lang='lat' dir='ltr'>Christum</span> <span class='ocrx_word' id='word_1_34' title='bbox 492 945 594 1009; x_wconf 85' lang='lat' dir='ltr'>faeere</span> <span class='ocrx_word' id='word_1_35' title='bbox 610 943 732 1010; x_wconf 88' lang='lat' dir='ltr'>debere.</span> <span class='ocrx_word' id='word_1_36' title='bbox 816 943 879 1011; x_wconf 84' lang='lat' dir='ltr'>Sed</span> <span class='ocrx_word' id='word_1_37' title='bbox 896 961 954 1008; x_wconf 89' lang='lat' dir='ltr'>nee</span> <span class='ocrx_word' id='word_1_38' title='bbox 967 942 1131 1007; x_wconf 78' lang='lat' dir='ltr'>Pharisaei</span> <span class='ocrx_word' id='word_1_39' title='bbox 1148 945 1286 1024; x_wconf 83' lang='lat' dir='ltr'>possunt</span> <span class='ocrx_word' id='word_1_40' title='bbox 1302 941 1406 1007; x_wconf 88' lang='lat' dir='ltr'>uideri</span> <span class='ocrx_word' id='word_1_41' title='bbox 1423 942 1461 1006; x_wconf 93' lang='lat' dir='ltr'>de</span> 
     </span>
    </p>
   </div>
   <div class='ocr_carea' id='block_1_3' title="bbox 205 1049 1502 1134">
    <p class='ocr_par' dir='ltr' id='par_1_3' title="bbox 205 1049 1502 1134">
     <span class='ocr_line' id='line_1_6' title="bbox 205 1049 1502 1134; baseline -0.003 -18"><span class='ocrx_word' id='word_1_42' title='bbox 205 1083 207 1086; x_wconf 95' lang='lat'>·</span> <span class='ocrx_word' id='word_1_43' title='bbox 316 1052 446 1117; x_wconf 86' lang='lat' dir='ltr'>alterius</span> <span class='ocrx_word' id='word_1_44' title='bbox 471 1051 521 1117; x_wconf 93' lang='lat' dir='ltr'>dei</span> <span class='ocrx_word' id='word_1_45' title='bbox 539 1069 634 1134; x_wconf 85' lang='lat' dir='ltr'>regno</span> <span class='ocrx_word' id='word_1_46' title='bbox 654 1050 856 1116; x_wconf 82' lang='lat' dir='ltr'>consuluisse</span> <span class='ocrx_word' id='word_1_47' title='bbox 876 1049 1049 1122; x_wconf 84' lang='lat' dir='ltr'>dominum,</span> <span class='ocrx_word' id='word_1_48' title='bbox 1074 1049 1199 1131; x_wconf 87' lang='lat' dir='ltr'>quando</span> <span class='ocrx_word' id='word_1_49' title='bbox 1218 1053 1390 1113; x_wconf 89' lang='lat' dir='ltr'>uenturum</span> <span class='ocrx_word' id='word_1_50' title='bbox 1409 1049 1462 1124; x_wconf 80' lang='lat' dir='ltr'>sit,</span> <span class='ocrx_word' id='word_1_51' title='bbox 1489 1073 1502 1113; x_wconf 80' lang='lat' dir='ltr'>e</span> 
     </span>
    </p>
   </div>
   <div class='ocr_carea' id='block_1_4' title="bbox 316 1155 1507 3262">
    <p class='ocr_par' dir='ltr' id='par_1_4' title="bbox 316 1155 1507 3262">
     <span class='ocr_line' id='line_1_7' title="bbox 316 1155 1462 1240; baseline -0.003 -18"><span class='ocrx_word' id='word_1_52' title='bbox 316 1158 467 1240; x_wconf 85' lang='lat' dir='ltr'>quamdiu</span> <span class='ocrx_word' id='word_1_53' title='bbox 501 1157 582 1220; x_wconf 88' lang='lat' dir='ltr'>elius</span> <span class='ocrx_word' id='word_1_54' title='bbox 616 1177 634 1221; x_wconf 87' lang='lat' dir='ltr'>a</span> <span class='ocrx_word' id='word_1_55' title='bbox 666 1156 792 1222; x_wconf 83' lang='lat' dir='ltr'>Christo</span> <span class='ocrx_word' id='word_1_56' title='bbox 826 1157 932 1220; x_wconf 89' lang='lat' dir='ltr'>editus</span> <span class='ocrx_word' id='word_1_57' title='bbox 960 1155 1039 1220; x_wconf 87' lang='lat' dir='ltr'>deus</span> <span class='ocrx_word' id='word_1_58' title='bbox 1067 1175 1129 1220; x_wconf 92' lang='lat' dir='ltr'>non</span> <span class='ocrx_word' id='word_1_59' title='bbox 1152 1158 1229 1221; x_wconf 84' lang='lat' dir='ltr'>erat.</span> <span class='ocrx_word' id='word_1_60' title='bbox 1261 1174 1319 1219; x_wconf 91' lang='lat' dir='ltr'>nee</span> <span class='ocrx_word' id='word_1_61' title='bbox 1342 1155 1398 1220; x_wconf 92' lang='lat' dir='ltr'>ille</span> <span class='ocrx_word' id='word_1_62' title='bbox 1425 1155 1462 1219; x_wconf 90' lang='lat' dir='ltr'>de</span> 
     </span>
     <span class='ocr_line' id='line_1_8' title="bbox 318 1262 1463 1347; baseline -0.003 -18"><span class='ocrx_word' id='word_1_63' title='bbox 318 1265 449 1329; x_wconf 86' lang='lat' dir='ltr'>alterius</span> <span class='ocrx_word' id='word_1_64' title='bbox 477 1283 573 1347; x_wconf 86' lang='lat' dir='ltr'>regno</span> <span class='ocrx_word' id='word_1_65' title='bbox 601 1263 804 1346; x_wconf 87' lang='lat' dir='ltr'>respondisse</span> <span class='ocrx_word' id='word_1_66' title='bbox 829 1282 924 1345; x_wconf 85' lang='lat' dir='ltr'>quam</span> <span class='ocrx_word' id='word_1_67' title='bbox 948 1263 987 1328; x_wconf 92' lang='lat' dir='ltr'>de</span> <span class='ocrx_word' id='word_1_68' title='bbox 1010 1263 1103 1327; x_wconf 87' lang='lat' dir='ltr'>euius</span> <span class='ocrx_word' id='word_1_69' title='bbox 1128 1262 1363 1328; x_wconf 84' lang='lat' dir='ltr'>consulebatur.</span> <span class='ocrx_word' id='word_1_70' title='bbox 1389 1281 1463 1327; x_wconf 91' lang='lat' dir='ltr'>non</span> 
     </span>
     <span class='ocr_line' id='line_1_9' title="bbox 319 1368 1463 1452; baseline -0.001 -18"><span class='ocrx_word' id='word_1_71' title='bbox 319 1370 444 1448; x_wconf 91' lang='lat' dir='ltr'>uenit,</span> <span class='ocrx_word' id='word_1_72' title='bbox 486 1369 598 1451; x_wconf 73' lang='lat' dir='ltr'>inquit,</span> <span class='ocrx_word' id='word_1_73' title='bbox 635 1388 801 1452; x_wconf 86' lang='lat' dir='ltr'>regnum</span> <span class='ocrx_word' id='word_1_74' title='bbox 840 1369 902 1434; x_wconf 92' lang='lat' dir='ltr'>dei</span> <span class='ocrx_word' id='word_1_75' title='bbox 940 1388 1027 1432; x_wconf 91' lang='lat' dir='ltr'>eum</span> <span class='ocrx_word' id='word_1_76' title='bbox 1065 1368 1356 1433; x_wconf 87' lang='lat' dir='ltr'>obseruatione</span> <span class='ocrx_word' id='word_1_77' title='bbox 1393 1387 1463 1433; x_wconf 88' lang='lat' dir='ltr'>nee</span> 
     </span>
     <span class='ocr_line' id='line_1_10' title="bbox 317 1474 1463 1559; baseline -0.003 -17"><span class='ocrx_word' id='word_1_78' title='bbox 317 1477 475 1542; x_wconf 88' lang='lat' dir='ltr'>dieunt:</span> <span class='ocrx_word' id='word_1_79' title='bbox 501 1495 594 1541; x_wconf 90' lang='lat' dir='ltr'>eeee</span> <span class='ocrx_word' id='word_1_80' title='bbox 618 1475 695 1548; x_wconf 88' lang='lat' dir='ltr'>hie,</span> <span class='ocrx_word' id='word_1_81' title='bbox 720 1493 812 1540; x_wconf 92' lang='lat' dir='ltr'>eeee</span> <span class='ocrx_word' id='word_1_82' title='bbox 836 1476 945 1550; x_wconf 68' lang='lat' dir='ltr'>illim</span> <span class='ocrx_word' id='word_1_83' title='bbox 969 1493 1063 1540; x_wconf 84' lang='lat' dir='ltr'>eoos</span> <span class='ocrx_word' id='word_1_84' title='bbox 1086 1474 1188 1539; x_wconf 93' lang='lat' dir='ltr'>enim</span> <span class='ocrx_word' id='word_1_85' title='bbox 1211 1493 1376 1559; x_wconf 86' lang='lat' dir='ltr'>regnum</span> <span class='ocrx_word' id='word_1_86' title='bbox 1401 1475 1463 1539; x_wconf 91' lang='lat' dir='ltr'>dei</span> 
     </span>
     <span class='ocr_line' id='line_1_11' title="bbox 316 1580 1505 1664; baseline -0.007 -18"><span class='ocrx_word' id='word_1_87' title='bbox 316 1584 426 1648; x_wconf 88' lang='lat' dir='ltr'>intra</span> <span class='ocrx_word' id='word_1_88' title='bbox 452 1601 524 1646; x_wconf 87' lang='lat' dir='ltr'>uos</span> <span class='ocrx_word' id='word_1_89' title='bbox 553 1585 626 1647; x_wconf 89' lang='lat' dir='ltr'>est.</span> <span class='ocrx_word' id='word_1_90' title='bbox 655 1581 727 1663; x_wconf 89' lang='lat' dir='ltr'>quis</span> <span class='ocrx_word' id='word_1_91' title='bbox 756 1602 816 1647; x_wconf 92' lang='lat' dir='ltr'>non</span> <span class='ocrx_word' id='word_1_92' title='bbox 840 1582 886 1645; x_wconf 89' lang='lat' dir='ltr'>ita</span> <span class='ocrx_word' id='word_1_93' title='bbox 908 1580 1166 1664; x_wconf 79' lang='lat' dir='ltr'>interpretabitur</span> <span class='ocrx_word' id='word_1_94' title='bbox 1192 1580 1286 1644; x_wconf 85' lang='lat' dir='ltr'>‘intra</span> <span class='ocrx_word' id='word_1_95' title='bbox 1308 1599 1369 1644; x_wconf 85' lang='lat' dir='ltr'>uos</span> <span class='ocrx_word' id='word_1_96' title='bbox 1393 1584 1463 1657; x_wconf 85' lang='lat' dir='ltr'>eat’,</span> <span class='ocrx_word' id='word_1_97' title='bbox 1482 1601 1505 1640; x_wconf 78' lang='grc' dir='ltr'>ιο</span> 
     </span>
     <span class='ocr_line' id='line_1_12' title="bbox 316 1686 1464 1769; baseline -0.002 -17"><span class='ocrx_word' id='word_1_98' title='bbox 316 1689 349 1754; x_wconf 92' lang='lat' dir='ltr'>id</span> <span class='ocrx_word' id='word_1_99' title='bbox 373 1693 424 1754; x_wconf 92' lang='lat' dir='ltr'>est</span> <span class='ocrx_word' id='word_1_100' title='bbox 444 1689 476 1753; x_wconf 95' lang='lat' dir='ltr'>in</span> <span class='ocrx_word' id='word_1_101' title='bbox 501 1707 607 1763; x_wconf 83' lang='lat' dir='ltr'>manu,</span> <span class='ocrx_word' id='word_1_102' title='bbox 631 1688 662 1751; x_wconf 92' lang='lat' dir='ltr'>in</span> <span class='ocrx_word' id='word_1_103' title='bbox 682 1690 844 1769; x_wconf 85' lang='lat' dir='ltr'>potestate</span> <span class='ocrx_word' id='word_1_104' title='bbox 861 1691 980 1766; x_wconf 91' lang='lat' dir='ltr'>uestra,</span> <span class='ocrx_word' id='word_1_105' title='bbox 1003 1688 1032 1751; x_wconf 92' lang='lat' dir='ltr'>si</span> <span class='ocrx_word' id='word_1_106' title='bbox 1051 1686 1198 1761; x_wconf 88' lang='lat' dir='ltr'>audiatis,</span> <span class='ocrx_word' id='word_1_107' title='bbox 1221 1687 1248 1751; x_wconf 90' lang='lat' dir='ltr'>si</span> <span class='ocrx_word' id='word_1_108' title='bbox 1268 1688 1395 1751; x_wconf 83' lang='lat' dir='ltr'>faciatis</span> <span class='ocrx_word' id='word_1_109' title='bbox 1415 1687 1464 1751; x_wconf 88' lang='lat' dir='ltr'>dei</span> 
     </span>
     <span class='ocr_line' id='line_1_13' title="bbox 316 1793 1465 1880; baseline -0.001 -20"><span class='ocrx_word' id='word_1_110' title='bbox 316 1799 542 1880; x_wconf 83' lang='lat' dir='ltr'>praereptum?</span> <span class='ocrx_word' id='word_1_111' title='bbox 575 1795 689 1877; x_wconf 89' lang='lat' dir='ltr'>quodsi</span> <span class='ocrx_word' id='word_1_112' title='bbox 720 1795 752 1858; x_wconf 91' lang='lat' dir='ltr'>in</span> <span class='ocrx_word' id='word_1_113' title='bbox 785 1798 953 1878; x_wconf 81' lang='lat' dir='ltr'>praecepto</span> <span class='ocrx_word' id='word_1_114' title='bbox 987 1798 1035 1858; x_wconf 89' lang='lat' dir='ltr'>est</span> <span class='ocrx_word' id='word_1_115' title='bbox 1067 1793 1118 1858; x_wconf 93' lang='lat' dir='ltr'>dei</span> <span class='ocrx_word' id='word_1_116' title='bbox 1149 1811 1292 1877; x_wconf 86' lang='lat' dir='ltr'>regnum,</span> <span class='ocrx_word' id='word_1_117' title='bbox 1325 1813 1465 1877; x_wconf 85' lang='lat' dir='ltr'>propone</span> 
     </span>
     <span class='ocr_line' id='line_1_14' title="bbox 316 1900 1466 1987; baseline -0.002 -21"><span class='ocrx_word' id='word_1_118' title='bbox 316 1903 415 1987; x_wconf 82' lang='lat' dir='ltr'>igitur</span> <span class='ocrx_word' id='word_1_119' title='bbox 446 1906 564 1978; x_wconf 86' lang='lat' dir='ltr'>eontra,</span> <span class='ocrx_word' id='word_1_120' title='bbox 599 1901 772 1967; x_wconf 89' lang='lat' dir='ltr'>seeundum</span> <span class='ocrx_word' id='word_1_121' title='bbox 800 1904 924 1965; x_wconf 88' lang='lat' dir='ltr'>nostras</span> <span class='ocrx_word' id='word_1_122' title='bbox 953 1901 1132 1976; x_wconf 83' lang='lat' dir='ltr'>antithesis,</span> <span class='ocrx_word' id='word_1_123' title='bbox 1164 1900 1309 1983; x_wconf 85' lang='lat' dir='ltr'>Moysen,</span> <span class='ocrx_word' id='word_1_124' title='bbox 1342 1905 1377 1965; x_wconf 91' lang='lat' dir='ltr'>et</span> <span class='ocrx_word' id='word_1_125' title='bbox 1404 1919 1466 1964; x_wconf 88' lang='lat' dir='ltr'>una</span> 
     </span>
     <span class='ocr_line' id='line_1_15' title="bbox 318 2007 1467 2091; baseline -0.003 -16"><span class='ocrx_word' id='word_1_126' title='bbox 318 2009 474 2075; x_wconf 87' lang='lat' dir='ltr'>sententia</span> <span class='ocrx_word' id='word_1_127' title='bbox 507 2014 566 2074; x_wconf 90' lang='lat' dir='ltr'>est.</span> <span class='ocrx_word' id='word_1_128' title='bbox 599 2011 875 2091; x_wconf 83' lang='lat' dir='ltr'>praeceptum,</span> <span class='ocrx_word' id='word_1_129' title='bbox 908 2007 1021 2089; x_wconf 87' lang='lat' dir='ltr'>inquit,</span> <span class='ocrx_word' id='word_1_130' title='bbox 1055 2008 1260 2072; x_wconf 84' lang='lat' dir='ltr'>exoelsum</span> <span class='ocrx_word' id='word_1_131' title='bbox 1292 2026 1368 2071; x_wconf 94' lang='lat' dir='ltr'>non</span> <span class='ocrx_word' id='word_1_132' title='bbox 1403 2011 1467 2071; x_wconf 88' lang='lat' dir='ltr'>est</span> 
     </span>
     <span class='ocr_line' id='line_1_16' title="bbox 318 2113 1507 2200; baseline -0.004 -20"><span class='ocrx_word' id='word_1_133' title='bbox 318 2135 388 2181; x_wconf 90' lang='lat' dir='ltr'>nee</span> <span class='ocrx_word' id='word_1_134' title='bbox 420 2118 540 2200; x_wconf 85' lang='lat' dir='ltr'>longe</span> <span class='ocrx_word' id='word_1_135' title='bbox 572 2135 591 2180; x_wconf 88' lang='lat' dir='ltr'>a</span> <span class='ocrx_word' id='word_1_136' title='bbox 622 2119 670 2180; x_wconf 88' lang='lat' dir='ltr'>te.</span> <span class='ocrx_word' id='word_1_137' title='bbox 704 2134 779 2178; x_wconf 95' lang='lat' dir='ltr'>non</span> <span class='ocrx_word' id='word_1_138' title='bbox 812 2114 850 2177; x_wconf 92' lang='lat' dir='ltr'>in</span> <span class='ocrx_word' id='word_1_139' title='bbox 883 2113 997 2178; x_wconf 86' lang='lat' dir='ltr'>eaelo</span> <span class='ocrx_word' id='word_1_140' title='bbox 1031 2119 1103 2190; x_wconf 88' lang='lat' dir='ltr'>est,</span> <span class='ocrx_word' id='word_1_141' title='bbox 1136 2115 1180 2178; x_wconf 91' lang='lat' dir='ltr'>ut</span> <span class='ocrx_word' id='word_1_142' title='bbox 1208 2113 1338 2178; x_wconf 86' lang='lat' dir='ltr'>dieas:</span> <span class='ocrx_word' id='word_1_143' title='bbox 1372 2115 1507 2196; x_wconf 79' lang='lat' dir='ltr'>quise</span> 
     </span>
     <span class='ocr_line' id='line_1_17' title="bbox 318 2220 1466 2302; baseline -0.001 -16"><span class='ocrx_word' id='word_1_144' title='bbox 318 2223 512 2288; x_wconf 89' lang='lat' dir='ltr'>aseendet</span> <span class='ocrx_word' id='word_1_145' title='bbox 534 2223 572 2287; x_wconf 93' lang='lat' dir='ltr'>in</span> <span class='ocrx_word' id='word_1_146' title='bbox 598 2223 755 2287; x_wconf 87' lang='lat' dir='ltr'>eaelum</span> <span class='ocrx_word' id='word_1_147' title='bbox 779 2227 819 2284; x_wconf 91' lang='lat' dir='ltr'>et</span> <span class='ocrx_word' id='word_1_148' title='bbox 842 2221 1015 2302; x_wconf 90' lang='lat' dir='ltr'>deponet</span> <span class='ocrx_word' id='word_1_149' title='bbox 1032 2220 1148 2286; x_wconf 87' lang='lat' dir='ltr'>nobis</span> <span class='ocrx_word' id='word_1_150' title='bbox 1168 2221 1276 2285; x_wconf 91' lang='lat' dir='ltr'>illud</span> <span class='ocrx_word' id='word_1_151' title='bbox 1296 2225 1336 2285; x_wconf 89' lang='lat' dir='ltr'>et</span> <span class='ocrx_word' id='word_1_152' title='bbox 1353 2221 1466 2285; x_wconf 87' lang='lat' dir='ltr'>undi-</span> 
     </span>
     <span class='ocr_line' id='line_1_18' title="bbox 318 2326 1465 2399; baseline 0 -7"><span class='ocrx_word' id='word_1_153' title='bbox 318 2334 400 2393; x_wconf 91' lang='lat' dir='ltr'>tum</span> <span class='ocrx_word' id='word_1_154' title='bbox 423 2327 530 2393; x_wconf 90' lang='lat' dir='ltr'>illud</span> <span class='ocrx_word' id='word_1_155' title='bbox 560 2328 782 2392; x_wconf 81' lang='lat' dir='ltr'>faciemus?</span> <span class='ocrx_word' id='word_1_156' title='bbox 810 2346 880 2391; x_wconf 88' lang='lat' dir='ltr'>nee</span> <span class='ocrx_word' id='word_1_157' title='bbox 903 2327 1013 2391; x_wconf 88' lang='lat' dir='ltr'>ultra</span> <span class='ocrx_word' id='word_1_158' title='bbox 1034 2345 1138 2391; x_wconf 88' lang='lat' dir='ltr'>mare</span> <span class='ocrx_word' id='word_1_159' title='bbox 1164 2329 1236 2399; x_wconf 84' lang='lat' dir='ltr'>est,</span> <span class='ocrx_word' id='word_1_160' title='bbox 1266 2330 1309 2390; x_wconf 90' lang='lat' dir='ltr'>ut</span> <span class='ocrx_word' id='word_1_161' title='bbox 1332 2326 1465 2392; x_wconf 80' lang='lat' dir='ltr'>dions:</span> 
     </span>
     <span class='ocr_line' id='line_1_19' title="bbox 316 2432 1466 2516; baseline 0.002 -20"><span class='ocrx_word' id='word_1_162' title='bbox 316 2435 408 2516; x_wconf 91' lang='lat' dir='ltr'>quis</span> <span class='ocrx_word' id='word_1_163' title='bbox 433 2433 728 2498; x_wconf 84' lang='lat' dir='ltr'>transfretabit</span> <span class='ocrx_word' id='word_1_164' title='bbox 747 2437 787 2498; x_wconf 89' lang='lat' dir='ltr'>et</span> <span class='ocrx_word' id='word_1_165' title='bbox 805 2432 1062 2497; x_wconf 87' lang='lat' dir='ltr'>sumetillud</span> <span class='ocrx_word' id='word_1_166' title='bbox 1081 2432 1199 2498; x_wconf 92' lang='lat' dir='ltr'>nobis</span> <span class='ocrx_word' id='word_1_167' title='bbox 1219 2436 1259 2497; x_wconf 91' lang='lat' dir='ltr'>et</span> <span class='ocrx_word' id='word_1_168' title='bbox 1277 2433 1466 2498; x_wconf 89' lang='lat' dir='ltr'>auditum</span> 
     </span>
     <span class='ocr_line' id='line_1_20' title="bbox 318 2540 1466 2623; baseline 0.001 -20"><span class='ocrx_word' id='word_1_169' title='bbox 318 2540 425 2605; x_wconf 93' lang='lat' dir='ltr'>illud</span> <span class='ocrx_word' id='word_1_170' title='bbox 448 2541 669 2606; x_wconf 83' lang='lat' dir='ltr'>faciemus?</span> <span class='ocrx_word' id='word_1_171' title='bbox 693 2559 815 2623; x_wconf 86' lang='lat' dir='ltr'>prope</span> <span class='ocrx_word' id='word_1_172' title='bbox 838 2545 877 2603; x_wconf 93' lang='lat' dir='ltr'>te</span> <span class='ocrx_word' id='word_1_173' title='bbox 902 2543 965 2604; x_wconf 90' lang='lat' dir='ltr'>est</span> <span class='ocrx_word' id='word_1_174' title='bbox 988 2540 1163 2614; x_wconf 91' lang='lat' dir='ltr'>uerbum,</span> <span class='ocrx_word' id='word_1_175' title='bbox 1187 2541 1224 2603; x_wconf 93' lang='lat' dir='ltr'>in</span> <span class='ocrx_word' id='word_1_176' title='bbox 1250 2559 1316 2604; x_wconf 91' lang='lat' dir='ltr'>ore</span> <span class='ocrx_word' id='word_1_177' title='bbox 1335 2543 1406 2604; x_wconf 89' lang='lat' dir='ltr'>tuo</span> <span class='ocrx_word' id='word_1_178' title='bbox 1426 2545 1466 2604; x_wconf 90' lang='lat' dir='ltr'>et</span> 
     </span>
     <span class='ocr_line' id='line_1_21' title="bbox 317 2646 1506 2718; baseline 0.001 -8"><span class='ocrx_word' id='word_1_179' title='bbox 317 2647 355 2711; x_wconf 91' lang='lat' dir='ltr'>in</span> <span class='ocrx_word' id='word_1_180' title='bbox 397 2647 515 2712; x_wconf 85' lang='lat' dir='ltr'>eorde</span> <span class='ocrx_word' id='word_1_181' title='bbox 553 2652 621 2712; x_wconf 91' lang='lat' dir='ltr'>tuo</span> <span class='ocrx_word' id='word_1_182' title='bbox 664 2651 703 2711; x_wconf 92' lang='lat' dir='ltr'>et</span> <span class='ocrx_word' id='word_1_183' title='bbox 739 2648 777 2710; x_wconf 91' lang='lat' dir='ltr'>in</span> <span class='ocrx_word' id='word_1_184' title='bbox 820 2646 1006 2711; x_wconf 91' lang='lat' dir='ltr'>manibus</span> <span class='ocrx_word' id='word_1_185' title='bbox 1045 2647 1128 2710; x_wconf 90' lang='lat' dir='ltr'>tuis</span> <span class='ocrx_word' id='word_1_186' title='bbox 1165 2647 1307 2711; x_wconf 86' lang='lat' dir='ltr'>faeere</span> <span class='ocrx_word' id='word_1_187' title='bbox 1345 2646 1506 2718; x_wconf 66' lang='lat' dir='ltr'>illudo</span> 
     </span>
     <span class='ocr_line' id='line_1_22' title="bbox 318 2752 1466 2829; baseline 0 -12"><span class='ocrx_word' id='word_1_188' title='bbox 318 2754 377 2817; x_wconf 88' lang='lat' dir='ltr'>hoo</span> <span class='ocrx_word' id='word_1_189' title='bbox 419 2754 490 2820; x_wconf 87' lang='lat' dir='ltr'>erit:</span> <span class='ocrx_word' id='word_1_190' title='bbox 538 2757 607 2818; x_wconf 84' lang='lat' dir='ltr'>‘non</span> <span class='ocrx_word' id='word_1_191' title='bbox 641 2754 691 2818; x_wconf 87' lang='lat' dir='ltr'>hio</span> <span class='ocrx_word' id='word_1_192' title='bbox 725 2772 781 2816; x_wconf 90' lang='lat' dir='ltr'>neo</span> <span class='ocrx_word' id='word_1_193' title='bbox 814 2753 895 2829; x_wconf 73' lang='lat' dir='ltr'>illim</span> <span class='ocrx_word' id='word_1_194' title='bbox 943 2771 1016 2816; x_wconf 89' lang='lat' dir='ltr'>eeee</span> <span class='ocrx_word' id='word_1_195' title='bbox 1058 2753 1140 2816; x_wconf 89' lang='lat' dir='ltr'>enim</span> <span class='ocrx_word' id='word_1_196' title='bbox 1186 2752 1269 2819; x_wconf 85' lang='lat' dir='ltr'>intre</span> <span class='ocrx_word' id='word_1_197' title='bbox 1312 2772 1373 2816; x_wconf 88' lang='lat' dir='ltr'>uos</span> <span class='ocrx_word' id='word_1_198' title='bbox 1415 2757 1466 2819; x_wconf 87' lang='lat' dir='ltr'>est</span> 
     </span>
     <span class='ocr_line' id='line_1_23' title="bbox 317 2859 1464 2944; baseline 0 -20"><span class='ocrx_word' id='word_1_199' title='bbox 317 2879 449 2942; x_wconf 86' lang='lat' dir='ltr'>regnum</span> <span class='ocrx_word' id='word_1_200' title='bbox 474 2860 547 2923; x_wconf 67' lang='lat' dir='ltr'>dei)</span> <span class='ocrx_word' id='word_1_201' title='bbox 580 2864 611 2925; x_wconf 91' lang='lat' dir='ltr'>et</span> <span class='ocrx_word' id='word_1_202' title='bbox 633 2878 671 2923; x_wconf 92' lang='lat' dir='ltr'>ne</span> <span class='ocrx_word' id='word_1_203' title='bbox 695 2862 935 2942; x_wconf 84' lang='lat' dir='ltr'>argumentetur</span> <span class='ocrx_word' id='word_1_204' title='bbox 956 2859 1089 2923; x_wconf 84' lang='lat' dir='ltr'>audacia</span> <span class='ocrx_word' id='word_1_205' title='bbox 1115 2859 1274 2923; x_wconf 86' lang='lat' dir='ltr'>haeretica</span> <span class='ocrx_word' id='word_1_206' title='bbox 1302 2859 1340 2923; x_wconf 90' lang='lat' dir='ltr'>de</span> <span class='ocrx_word' id='word_1_207' title='bbox 1367 2877 1464 2944; x_wconf 85' lang='lat' dir='ltr'>regno</span> 
     </span>
     <span class='ocr_line' id='line_1_24' title="bbox 320 2965 1466 3049; baseline 0.001 -19"><span class='ocrx_word' id='word_1_208' title='bbox 320 2966 480 3042; x_wconf 81' lang='lat' dir='ltr'>creatoris,</span> <span class='ocrx_word' id='word_1_209' title='bbox 515 2967 553 3030; x_wconf 90' lang='lat' dir='ltr'>de</span> <span class='ocrx_word' id='word_1_210' title='bbox 585 2985 647 3048; x_wconf 90' lang='lat' dir='ltr'>quo</span> <span class='ocrx_word' id='word_1_211' title='bbox 682 2965 916 3041; x_wconf 86' lang='lat' dir='ltr'>consulebatur,</span> <span class='ocrx_word' id='word_1_212' title='bbox 949 2984 1010 3029; x_wconf 92' lang='lat' dir='ltr'>non</span> <span class='ocrx_word' id='word_1_213' title='bbox 1039 2965 1078 3030; x_wconf 90' lang='lat' dir='ltr'>de</span> <span class='ocrx_word' id='word_1_214' title='bbox 1106 2985 1164 3029; x_wconf 88' lang='lat' dir='ltr'>suo</span> <span class='ocrx_word' id='word_1_215' title='bbox 1192 2966 1395 3049; x_wconf 83' lang='lat' dir='ltr'>respondisse</span> <span class='ocrx_word' id='word_1_216' title='bbox 1419 2968 1466 3032; x_wconf 85' lang='lat' dir='ltr'>eie</span> 
     </span>
     <span class='ocr_line' id='line_1_25' title="bbox 318 3070 1466 3155; baseline 0.002 -19"><span class='ocrx_word' id='word_1_217' title='bbox 318 3073 491 3150; x_wconf 89' lang='lat' dir='ltr'>dominum,</span> <span class='ocrx_word' id='word_1_218' title='bbox 512 3073 676 3155; x_wconf 88' lang='lat' dir='ltr'>sequentia</span> <span class='ocrx_word' id='word_1_219' title='bbox 689 3072 861 3138; x_wconf 88' lang='lat' dir='ltr'>obsistunt.</span> <span class='ocrx_word' id='word_1_220' title='bbox 886 3072 993 3137; x_wconf 87' lang='lat' dir='ltr'>dicens</span> <span class='ocrx_word' id='word_1_221' title='bbox 1012 3072 1096 3136; x_wconf 89' lang='lat' dir='ltr'>enim</span> <span class='ocrx_word' id='word_1_222' title='bbox 1113 3070 1215 3136; x_wconf 90' lang='lat' dir='ltr'>filium</span> <span class='ocrx_word' id='word_1_223' title='bbox 1234 3072 1372 3137; x_wconf 87' lang='lat' dir='ltr'>hominia</span> <span class='ocrx_word' id='word_1_224' title='bbox 1392 3077 1466 3138; x_wconf 88' lang='lat' dir='ltr'>ante</span> 
     </span>
     <span class='ocr_line' id='line_1_26' title="bbox 319 3179 1507 3262; baseline 0.001 -19"><span class='ocrx_word' id='word_1_225' title='bbox 319 3180 421 3243; x_wconf 87' lang='lat' dir='ltr'>multe</span> <span class='ocrx_word' id='word_1_226' title='bbox 439 3181 506 3262; x_wconf 90' lang='lat' dir='ltr'>peti</span> <span class='ocrx_word' id='word_1_227' title='bbox 525 3182 557 3244; x_wconf 91' lang='lat' dir='ltr'>et</span> <span class='ocrx_word' id='word_1_228' title='bbox 574 3179 734 3262; x_wconf 88' lang='lat' dir='ltr'>reprobari</span> <span class='ocrx_word' id='word_1_229' title='bbox 753 3184 897 3260; x_wconf 92' lang='lat' dir='ltr'>oportere</span> <span class='ocrx_word' id='word_1_230' title='bbox 917 3182 989 3243; x_wconf 87' lang='lat' dir='ltr'>ante</span> <span class='ocrx_word' id='word_1_231' title='bbox 1008 3179 1180 3243; x_wconf 85' lang='lat' dir='ltr'>aduentum</span> <span class='ocrx_word' id='word_1_232' title='bbox 1199 3180 1326 3253; x_wconf 84' lang='lat' dir='ltr'>‘suum&#39;,</span> <span class='ocrx_word' id='word_1_233' title='bbox 1349 3179 1381 3243; x_wconf 93' lang='lat' dir='ltr'>in</span> <span class='ocrx_word' id='word_1_234' title='bbox 1402 3199 1465 3262; x_wconf 91' lang='lat' dir='ltr'>quo</span> <span class='ocrx_word' id='word_1_235' title='bbox 1483 3205 1507 3243; x_wconf 75' lang='lat' dir='ltr'>a</span> 
     </span>
    </p>
   </div>
   <div class='ocr_carea' id='block_1_5' title="bbox 319 3285 1614 3796">
    <p class='ocr_par' dir='ltr' id='par_1_5' title="bbox 319 3285 1614 3796">
     <span class='ocr_line' id='line_1_27' title="bbox 319 3285 1466 3370; baseline 0 -20"><span class='ocrx_word' id='word_1_236' title='bbox 319 3291 351 3351; x_wconf 92' lang='lat' dir='ltr'>et</span> <span class='ocrx_word' id='word_1_237' title='bbox 366 3306 499 3370; x_wconf 84' lang='lat' dir='ltr'>regnum</span> <span class='ocrx_word' id='word_1_238' title='bbox 516 3287 769 3351; x_wconf 83' lang='lat' dir='ltr'>substantialiter·</span> <span class='ocrx_word' id='word_1_239' title='bbox 782 3286 985 3366; x_wconf 89' lang='lat' dir='ltr'>reuelebitur,</span> <span class='ocrx_word' id='word_1_240' title='bbox 1003 3304 1098 3350; x_wconf 87' lang='lat' dir='ltr'>suum</span> <span class='ocrx_word' id='word_1_241' title='bbox 1114 3285 1254 3350; x_wconf 88' lang='lat' dir='ltr'>ostendit</span> <span class='ocrx_word' id='word_1_242' title='bbox 1272 3289 1304 3349; x_wconf 89' lang='lat' dir='ltr'>et</span> <span class='ocrx_word' id='word_1_243' title='bbox 1320 3305 1466 3370; x_wconf 86' lang='lat' dir='ltr'>regnum,</span> 
     </span>
     <span class='ocr_line' id='line_1_28' title="bbox 320 3391 1466 3476; baseline 0.002 -21"><span class='ocrx_word' id='word_1_244' title='bbox 320 3393 358 3456; x_wconf 94' lang='lat' dir='ltr'>de</span> <span class='ocrx_word' id='word_1_245' title='bbox 391 3412 452 3475; x_wconf 89' lang='lat' dir='ltr'>quo</span> <span class='ocrx_word' id='word_1_246' title='bbox 485 3392 700 3475; x_wconf 85' lang='lat' dir='ltr'>responderet,</span> <span class='ocrx_word' id='word_1_247' title='bbox 735 3393 820 3475; x_wconf 88' lang='lat' dir='ltr'>qnod</span> <span class='ocrx_word' id='word_1_248' title='bbox 847 3393 1010 3476; x_wconf 88' lang='lat' dir='ltr'>passiones</span> <span class='ocrx_word' id='word_1_249' title='bbox 1039 3396 1071 3456; x_wconf 88' lang='lat' dir='ltr'>et</span> <span class='ocrx_word' id='word_1_250' title='bbox 1098 3391 1334 3474; x_wconf 84' lang='lat' dir='ltr'>reprobationes</span> <span class='ocrx_word' id='word_1_251' title='bbox 1362 3393 1466 3475; x_wconf 84' lang='lat' dir='ltr'>ipsius</span> 
     </span>
     <span class='ocr_line' id='line_1_29' title="bbox 319 3497 1467 3582; baseline -0.002 -19"><span class='ocrx_word' id='word_1_252' title='bbox 319 3500 512 3580; x_wconf 83' lang='lat' dir='ltr'>expectabat.</span> <span class='ocrx_word' id='word_1_253' title='bbox 531 3499 691 3581; x_wconf 88' lang='lat' dir='ltr'>reprobari</span> <span class='ocrx_word' id='word_1_254' title='bbox 710 3503 817 3563; x_wconf 89' lang='lat' dir='ltr'>autem</span> <span class='ocrx_word' id='word_1_255' title='bbox 836 3499 954 3563; x_wconf 85' lang='lat' dir='ltr'>habens</span> <span class='ocrx_word' id='word_1_256' title='bbox 974 3501 1007 3561; x_wconf 91' lang='lat' dir='ltr'>et</span> <span class='ocrx_word' id='word_1_257' title='bbox 1024 3500 1137 3582; x_wconf 88' lang='lat' dir='ltr'>postea</span> <span class='ocrx_word' id='word_1_258' title='bbox 1151 3497 1279 3581; x_wconf 81' lang='lat' dir='ltr'>agnosci</span> <span class='ocrx_word' id='word_1_259' title='bbox 1294 3502 1328 3562; x_wconf 90' lang='lat' dir='ltr'>ot</span> <span class='ocrx_word' id='word_1_260' title='bbox 1339 3497 1467 3562; x_wconf 88' lang='lat' dir='ltr'>adsumi</span> 
     </span>
     <span class='ocr_line' id='line_1_30' title="bbox 320 3604 1614 3695; baseline 0 -27"><span class='ocrx_word' id='word_1_261' title='bbox 320 3608 353 3668; x_wconf 90' lang='lat' dir='ltr'>et</span> <span class='ocrx_word' id='word_1_262' title='bbox 375 3604 494 3682; x_wconf 83' lang='lat' dir='ltr'>extolli,</span> <span class='ocrx_word' id='word_1_263' title='bbox 519 3606 614 3668; x_wconf 90' lang='lat' dir='ltr'>etiem</span> <span class='ocrx_word' id='word_1_264' title='bbox 637 3607 742 3688; x_wconf 88' lang='lat' dir='ltr'>ipsum</span> <span class='ocrx_word' id='word_1_265' title='bbox 768 3606 901 3669; x_wconf 91' lang='lat' dir='ltr'>uerbum</span> <span class='ocrx_word' id='word_1_266' title='bbox 924 3605 1106 3687; x_wconf 75' lang='lat' dir='ltr'>‘reprobari’</span> <span class='ocrx_word' id='word_1_267' title='bbox 1129 3605 1202 3669; x_wconf 92' lang='lat' dir='ltr'>inde</span> <span class='ocrx_word' id='word_1_268' title='bbox 1221 3604 1390 3687; x_wconf 86' lang='lat' dir='ltr'>deeerpsit,</span> <span class='ocrx_word' id='word_1_269' title='bbox 1411 3605 1467 3669; x_wconf 90' lang='lat' dir='ltr'>ubi</span> <span class='ocrx_word' id='word_1_270' title='bbox 1613 3690 1614 3695; x_wconf 8' lang='grc' dir='ltr'>ἵ</span> 
     </span>
     <span class='ocr_line' id='line_1_31' title="bbox 319 3709 1614 3796; baseline 0.002 -20"><span class='ocrx_word' id='word_1_271' title='bbox 319 3715 350 3776; x_wconf 91' lang='lat' dir='ltr'>in</span> <span class='ocrx_word' id='word_1_272' title='bbox 373 3713 489 3796; x_wconf 86' lang='lat' dir='ltr'>lapidis</span> <span class='ocrx_word' id='word_1_273' title='bbox 514 3714 691 3796; x_wconf 86' lang='lat' dir='ltr'>aenigmate</span> <span class='ocrx_word' id='word_1_274' title='bbox 716 3718 850 3795; x_wconf 88' lang='lat' dir='ltr'>utraque</span> <span class='ocrx_word' id='word_1_275' title='bbox 873 3711 1026 3776; x_wconf 84' lang='lat' dir='ltr'>reuelatio</span> <span class='ocrx_word' id='word_1_276' title='bbox 1051 3711 1119 3776; x_wconf 91' lang='lat' dir='ltr'>eius</span> <span class='ocrx_word' id='word_1_277' title='bbox 1144 3711 1227 3794; x_wconf 89' lang='lat' dir='ltr'>apud</span> <span class='ocrx_word' id='word_1_278' title='bbox 1246 3709 1352 3775; x_wconf 85' lang='lat' dir='ltr'>Dauid</span> <span class='ocrx_word' id='word_1_279' title='bbox 1376 3729 1467 3776; x_wconf 84' lang='lat' dir='ltr'>oene-</span> <span class='ocrx_word' id='word_1_280' title='bbox 1484 3740 1508 3778; x_wconf 78' lang='lat' dir='ltr'>eo</span> <span class='ocrx_word' id='word_1_281' title='bbox 1613 3716 1614 3727; x_wconf 76' lang='grc'>’</span> 
     </span>
    </p>
   </div>
   <div class='ocr_carea' id='block_1_6' title="bbox 320 3971 1467 4131">
    <p class='ocr_par' dir='ltr' id='par_1_6' title="bbox 320 3971 1467 4131">
     <span class='ocr_line' id='line_1_32' title="bbox 410 3971 1467 4042; baseline 0.002 -16"><span class='ocrx_word' id='word_1_282' title='bbox 410 3973 436 4042; x_wconf 88' lang='grc'>1]</span> <span class='ocrx_word' id='word_1_283' title='bbox 458 3972 521 4026; x_wconf 80' lang='lat' dir='ltr'>hue.</span> <span class='ocrx_word' id='word_1_284' title='bbox 544 3973 584 4040; x_wconf 81' lang='lat'>17,</span> <span class='ocrx_word' id='word_1_285' title='bbox 604 3971 645 4026; x_wconf 86' lang='lat'>19.</span> <span class='ocrx_word' id='word_1_286' title='bbox 733 3973 760 4041; x_wconf 84' lang='grc'>7]</span> <span class='ocrx_word' id='word_1_287' title='bbox 781 3971 845 4027; x_wconf 84' lang='lat' dir='ltr'>hue.</span> <span class='ocrx_word' id='word_1_288' title='bbox 865 3972 907 4041; x_wconf 78' lang='lat'>17,</span> <span class='ocrx_word' id='word_1_289' title='bbox 926 3973 1042 4027; x_wconf 83' lang='lat'>20-21.</span> <span class='ocrx_word' id='word_1_290' title='bbox 1121 3972 1163 4042; x_wconf 81' lang='lat'>14]</span> <span class='ocrx_word' id='word_1_291' title='bbox 1183 3973 1266 4027; x_wconf 89' lang='lat' dir='ltr'>Dent.</span> <span class='ocrx_word' id='word_1_292' title='bbox 1285 3973 1330 4039; x_wconf 80' lang='lat'>30,</span> <span class='ocrx_word' id='word_1_293' title='bbox 1349 3972 1467 4028; x_wconf 81' lang='lat'>11-14.</span> 
     </span>
     <span class='ocr_line' id='line_1_33' title="bbox 320 4060 991 4131; baseline 0.001 -18"><span class='ocrx_word' id='word_1_294' title='bbox 320 4062 365 4130; x_wconf 84' lang='lat'>21]</span> <span class='ocrx_word' id='word_1_295' title='bbox 387 4061 420 4116; x_wconf 85' lang='lat' dir='ltr'>el.</span> <span class='ocrx_word' id='word_1_296' title='bbox 439 4060 504 4116; x_wconf 88' lang='lat' dir='ltr'>Luc.</span> <span class='ocrx_word' id='word_1_297' title='bbox 524 4060 566 4124; x_wconf 81' lang='lat'>17,</span> <span class='ocrx_word' id='word_1_298' title='bbox 587 4062 629 4116; x_wconf 80' lang='lat'>21.</span> <span class='ocrx_word' id='word_1_299' title='bbox 684 4062 730 4131; x_wconf 76' lang='lat'>24]</span> <span class='ocrx_word' id='word_1_300' title='bbox 750 4061 782 4116; x_wconf 83' lang='lat' dir='ltr'>ci.</span> <span class='ocrx_word' id='word_1_301' title='bbox 802 4061 867 4114; x_wconf 86' lang='lat' dir='ltr'>Luo.</span> <span class='ocrx_word' id='word_1_302' title='bbox 888 4061 929 4124; x_wconf 82' lang='lat'>17,</span> <span class='ocrx_word' id='word_1_303' title='bbox 948 4063 991 4115; x_wconf 86' lang='lat'>25.</span> 
     </span>
    </p>
   </div>
   <div class='ocr_carea' id='block_1_7' title="bbox 319 4235 1469 4394">
    <p class='ocr_par' dir='ltr' id='par_1_7' title="bbox 319 4235 1469 4394">
     <span class='ocr_line' id='line_1_34' title="bbox 358 4235 1466 4297; baseline 0.004 -11"><span class='ocrx_word' id='word_1_304' title='bbox 358 4235 370 4286; x_wconf 93' lang='grc'><strong>1</strong></span> <span class='ocrx_word' id='word_1_305' title='bbox 392 4239 420 4288; x_wconf 88' lang='lat' dir='ltr'>et</span> <span class='ocrx_word' id='word_1_306' title='bbox 439 4251 490 4289; x_wconf 86' lang='lat' dir='ltr'>om.</span> <span class='ocrx_word' id='word_1_307' title='bbox 512 4235 564 4289; x_wconf 77' lang='lat' dir='ltr'>Ger</span> <span class='ocrx_word' id='word_1_308' title='bbox 618 4237 651 4290; x_wconf 77' lang='lat'>15</span> <span class='ocrx_word' id='word_1_309' title='bbox 670 4237 696 4289; x_wconf 93' lang='lat' dir='ltr'>in</span> <span class='ocrx_word' id='word_1_310' title='bbox 718 4236 792 4290; x_wconf 87' lang='lat' dir='ltr'>eaelo</span> <span class='ocrx_word' id='word_1_311' title='bbox 812 4239 855 4290; x_wconf 88' lang='lat' dir='ltr'>est</span> <span class='ocrx_word' id='word_1_312' title='bbox 867 4236 936 4297; x_wconf 73' lang='lat' dir='ltr'>MR</span> <span class='ocrx_word' id='word_1_313' title='bbox 959 4241 1002 4290; x_wconf 85' lang='lat' dir='ltr'>eat</span> <span class='ocrx_word' id='word_1_314' title='bbox 1018 4237 1046 4290; x_wconf 93' lang='lat' dir='ltr'>in</span> <span class='ocrx_word' id='word_1_315' title='bbox 1066 4236 1140 4290; x_wconf 89' lang='lat' dir='ltr'>eaelo</span> <span class='ocrx_word' id='word_1_316' title='bbox 1155 4235 1228 4289; x_wconf 87' lang='lat' dir='ltr'>Pom</span> <span class='ocrx_word' id='word_1_317' title='bbox 1283 4237 1317 4290; x_wconf 88' lang='grc'>16</span> <span class='ocrx_word' id='word_1_318' title='bbox 1335 4237 1466 4292; x_wconf 84' lang='lat' dir='ltr'>aseendet</span> 
     </span>
     <span class='ocr_line' id='line_1_35' title="bbox 319 4323 1469 4394; baseline 0.003 -19"><span class='ocrx_word' id='word_1_319' title='bbox 319 4324 408 4376; x_wconf 84' lang='lat' dir='ltr'>Pam:</span> <span class='ocrx_word' id='word_1_320' title='bbox 429 4323 553 4377; x_wconf 86' lang='lat' dir='ltr'>aseendit</span> <span class='ocrx_word' id='word_1_321' title='bbox 570 4324 632 4379; x_wconf 84' lang='lat' dir='ltr'>MR</span> <span class='ocrx_word' id='word_1_322' title='bbox 686 4326 720 4378; x_wconf 82' lang='lat'>26</span> <span class='ocrx_word' id='word_1_323' title='bbox 740 4325 907 4378; x_wconf 80' lang='lat' dir='ltr'>reuelebitur</span> <span class='ocrx_word' id='word_1_324' title='bbox 924 4325 961 4392; x_wconf 87' lang='lat' dir='ltr'>R,</span> <span class='ocrx_word' id='word_1_325' title='bbox 980 4324 1153 4378; x_wconf 86' lang='lat' dir='ltr'>reuelabatur</span> <span class='ocrx_word' id='word_1_326' title='bbox 1170 4325 1209 4378; x_wconf 80' lang='lat' dir='ltr'><strong><em>M</em></strong></span> <span class='ocrx_word' id='word_1_327' title='bbox 1258 4327 1294 4380; x_wconf 81' lang='lat'>29</span> <span class='ocrx_word' id='word_1_328' title='bbox 1312 4326 1415 4394; x_wconf 76' lang='lat' dir='ltr'>serpsit</span> <span class='ocrx_word' id='word_1_329' title='bbox 1431 4326 1469 4379; x_wconf 84' lang='grc' dir='ltr'><em>Μ</em></span> 
     </span>
    </p>
   </div>
   <div class='ocr_carea' id='block_1_8' title="bbox 0 0 1635 4959">
    <p class='ocr_par' dir='ltr' id='par_1_8' title="bbox 0 0 1635 4959">
     <span class='ocr_line' id='line_1_36' title="bbox 0 0 1635 4959; baseline 0 0"><span class='ocrx_word' id='word_1_330' title='bbox 0 0 1635 4959; x_wconf 95' lang='lat' dir='ltr'> </span> 
     </span>
    </p>
   </div>
  </div>
 </body>
</html>
