3250 4959
421 392 457 446 ΙΙ.
476 393 523 446 De
544 391 661 446 Cernis
681 394 941 447 Resurrectione
960 395 1075 448 37-39.
1282 399 1321 462 81

172 587 247 650 bere
277 587 344 650 sine
374 605 475 651 carne.
504 590 538 651 at
566 607 623 670 ego
654 587 746 652 deum
776 588 861 652 malo
891 588 1034 670 decipere
1062 609 1122 654 non
1151 609 1256 671 posse,
1286 593 1324 658 de

171 691 301 756 fallacia
320 692 522 756 solummodo
542 693 712 770 infirmum,
738 714 776 757 oe
801 695 894 758 aliter
912 696 1102 761 documenta
1119 699 1324 780 praemisisse

172 818 269 881 quam
295 817 358 863 rem
384 798 582 881 disposuisse
603 799 759 877 uideatur,
783 802 881 865 immo
905 821 954 877 ne,
979 803 1006 866 si
1026 805 1203 883 exemplum
1223 824 1324 869 resur-

171 907 324 971 rectionis
349 907 416 971 sine
436 925 527 971 carae
547 927 607 972 nou
627 909 732 972 ualuit
754 909 913 986 inducere,
937 912 1039 972 multo
1063 912 1166 995 magis
1189 911 1324 992 plenitu-

135 1013 279 1077 adinem
314 1015 449 1098 exempli
487 1011 530 1100 [in
569 1015 678 1079 eadem
712 1012 902 1100 substantia]
942 1016 1088 1079 exhibere
1119 1036 1180 1082 non
1213 1020 1325 1099 possit.

170 1120 296 1184 nullum
326 1139 401 1184 uero
431 1122 608 1202 exemplum
637 1121 740 1186 maius
770 1126 820 1185 est
847 1139 894 1185 eo.
928 1122 1020 1186 cuius
1054 1125 1231 1205 exemplum
1265 1132 1323 1190 est.

171 1227 278 1290 maius
312 1231 362 1292 est
393 1231 511 1304 autem,
541 1227 567 1291 si
592 1228 713 1292 animae
743 1248 812 1292 curri
843 1247 973 1310 corpore
995 1230 1270 1295 resuscitabuntur
1291 1233 1323 1297 in

172 1333 402 1398 documentum
427 1335 495 1398 sine
524 1353 653 1418 corpore
681 1334 879 1418 resurgendi.
909 1341 945 1399 ut
973 1339 1042 1399 tota
1069 1336 1208 1400 hominis
1236 1339 1325 1402 salus

172 1439 323 1505 dimidiae
360 1442 620 1523 patrocinaretur,
659 1440 785 1523 quande
819 1443 1034 1523 exemplorum
1068 1443 1211 1506 condicio
1243 1444 1324 1508 illud

125 1547 280 1629 capotius
310 1552 479 1630 expeteret,
505 1548 590 1630 quod
618 1548 722 1612 minus
751 1549 930 1623 haberetur,
965 1550 1087 1613 animae
1119 1548 1190 1614 dico
1223 1550 1323 1615 solius
1366 1635 1369 1641 Ι

170 1655 448 1732 resurrectionem,
477 1655 568 1719 uelut
595 1660 727 1740 gustum
758 1656 859 1719 carnis
884 1657 980 1719 etiam
1007 1659 1240 1721 resurrecturae
1265 1677 1323 1722 suo

170 1761 204 1824 in
237 1763 389 1843 tempore.
429 1765 524 1842 atque
561 1762 650 1836 adeo,
684 1762 860 1826 secundum
888 1766 1031 1827 nostram
1063 1782 1138 1826 uero
1177 1764 1323 1841 aestima-

169 1868 302 1944 tionem,
327 1867 469 1950 exempla
492 1869 547 1932 illa
570 1873 768 1933 mortuorum
792 1887 810 1932 a
833 1868 961 1932 domino
986 1868 1213 1933 suscitatorum
1240 1889 1324 1934 com-

171 1973 364 2038 mendabant
397 1975 525 2056 quidem
560 1979 590 2040 et
623 1977 725 2040 cernis
760 1981 793 2039 et
825 1975 947 2039 animae
979 1975 1253 2050 resurrectionem,
1285 1996 1323 2040 ne

125 2103 149 2139 rr
171 2081 225 2144 oui
251 2081 447 2146 substantiae
471 2086 641 2166 negaretur
659 2083 719 2146 hoc
744 2081 873 2170 donum,
899 2101 960 2163 qua
983 2086 1088 2145 tamen
1113 2083 1265 2164 exempla,
1285 2101 1322 2147 eo

170 2186 279 2251 minus
299 2187 420 2269 aliquid
440 2189 580 2252 edebant.
602 2207 663 2254 non
682 2189 765 2252 enim
789 2189 821 2252 in
846 2189 978 2271 gloriam
1002 2209 1060 2252 nec
1082 2189 1114 2252 in
1137 2189 1324 2270 incorrupti-

173 2293 332 2357 bilitatem
359 2293 470 2358 sedin
494 2299 628 2359 mortem
653 2295 747 2360 aliam
772 2295 1019 2359 suscitabantur.

220 2399 273 2462 39.
290 2398 392 2478 Quam
409 2399 555 2466 Christus
571 2400 705 2465 ediderit
717 2400 990 2477 resurrectionem,
1005 2400 1182 2486 apostolica
1197 2419 1321 2483 quoque

172 2505 386 2571 instrumenta
404 2510 570 2572 testantur.
590 2527 663 2572 nam
683 2511 715 2572 et
735 2508 889 2590 apostolis
909 2507 1034 2572 nullum
1054 2505 1140 2570 aliud
1158 2507 1322 2591 negotium

125 2641 153 2680 zo
172 2612 245 2690 ruit,
256 2613 418 2679 dumtaxat
427 2615 704 2698 apudlsrahelem.
715 2635 809 2697 quam
820 2615 939 2678 ueteris
949 2615 1132 2679 testamenti
1143 2614 1323 2697 resignandi

174 2723 208 2783 et
219 2719 293 2785 noui
309 2721 515 2804 consignandi
527 2725 559 2787 et
573 2723 679 2804 potius
689 2723 750 2786 iam
763 2721 812 2784 dei
823 2721 854 2784 in
870 2721 996 2785 Christo
1009 2721 1216 2786 contionandi.
1231 2721 1277 2784 ita
1292 2725 1323 2784 et

174 2827 214 2890 de
236 2829 467 2893 resurrectione
496 2828 573 2892 nihil
601 2828 676 2892 noui
704 2827 890 2902 intulerunt,
914 2827 978 2891 nisi
1003 2826 1086 2907 quod
1110 2832 1141 2891 et
1163 2827 1265 2908 ipsam
1289 2828 1321 2890 in

173 2933 308 3016 gloriam
339 2933 456 2998 Christi
484 2934 721 3010 adnuntiabant,
746 2934 783 2998 de
813 2936 917 2997 cetero
943 2932 1081 3016 simplici
1105 2936 1139 2996 et
1161 2935 1236 2997 nota
1259 2933 1322 2996 iam

172 3038 236 3104 tide
265 3045 424 3123 receptam
453 3041 520 3106 sine
548 3041 615 3106 nlla
643 3039 806 3122 qualitatis
837 3041 1034 3122 quaestione,
1064 3039 1141 3104 solis
1165 3041 1322 3122 refragan-

124 3181 151 3220 as
174 3148 263 3212 tibus
284 3147 464 3213 Seducoeis.
490 3148 566 3212 adeo
586 3148 713 3212 lucilius
736 3147 799 3211 fnit
822 3147 930 3229 negari
950 3147 981 3209 in
1000 3150 1105 3210 totum
1125 3149 1321 3210 mortuorum

172 3254 437 3318 resurrectionem
457 3272 551 3335 quam
572 3254 664 3318 aliter
681 3251 835 3337 intellegi.
860 3253 958 3316 habes
977 3252 1114 3316 Paulum
1135 3251 1220 3331 apud
1238 3271 1323 3314 sum·

171 3381 244 3426 mos
279 3361 458 3425 sacerdotes
492 3361 551 3426 sub
584 3362 712 3426 tribuno
745 3363 828 3424 inter
856 3359 1037 3424 saducaeos
1070 3363 1102 3422 et
1133 3358 1321 3423 Pharisaeos

264 3551 311 3620 23]
330 3550 364 3605 cl.
384 3550 448 3606 Luc.
469 3553 512 3613 24,
531 3553 573 3606 26.
630 3553 676 3620 26]
699 3555 731 3605 cl'.
753 3551 811 3606 Act.
833 3553 876 3615 23,
898 3553 973 3606 1-9.

210 3677 273 3729 bin
299 3675 393 3729 eadem
417 3675 571 3730 substantia
593 3677 692 3731 seclusi
746 3678 762 3730 6
786 3676 936 3746 exemplam
961 3677 1004 3728 est
1027 3691 1078 3728 om.
1097 3674 1125 3725 P
1148 3672 1225 3731 (add.
1244 3672 1272 3727 R
1289 3689 1322 3726 ac

171 3763 380 3833 Hirsaupierrcr)
437 3767 469 3818 12
492 3765 532 3818 sic
555 3765 683 3819 distincti
702 3764 765 3834 Erre
783 3769 857 3832 (uero
877 3789 909 3808 =
930 3765 1034 3823 saltem,
1058 3768 1089 3814 ut
1110 3761 1246 3827 uiolatum:
1264 3762 1322 3815 ueri

171 3855 391 3908 aestimationem
404 3855 570 3924 Leopolduo,
585 3855 729 3908 ueritatem
745 3855 831 3926 Bm9,·
850 3871 896 3924 epo
915 3855 981 3907 olim
999 3853 1078 3906 uolui
1095 3851 1221 3904 rescribi:
1239 3855 1322 3919 atque

172 3943 241 3998 adeo
260 3944 327 4009 (in)
347 3959 410 3997 uero
438 3943 584 3998 secundum
616 3949 735 3998 nostram
765 3944 983 3998 aestimationem
1040 3943 1071 3993 15
1100 3957 1152 4009 qua
1178 3940 1322 3994 oehlerus:

172 4048 243 4100 qnae
266 4031 358 4084 PMF
411 4033 443 4086 16
467 4033 494 4085 in
519 4033 633 4101 gloriam
656 4033 749 4086 idest
775 4033 807 4085 ira
837 4033 978 4100 angelicae
1005 4035 1126 4083 naturae
1151 4028 1322 4097 optendorem

172 4122 207 4174 18
223 4119 305 4173 aliter
320 4119 437 4174 chroma·
451 4123 561 4190 capita:
574 4122 775 4175 suscitabantur
789 4137 869 4189 quam
884 4119 1002 4173 ediderit
1017 4117 1149 4171 Christus.
1164 4118 1207 4170 39.
1223 4117 1321 4168 Resur-

170 4209 321 4262 rectionem
349 4209 431 4277 rmlpo
505 4207 630 4264 Christus
659 4209 777 4262 ediderit
805 4207 875 4274 MF,
904 4207 1023 4261 ediderit
1051 4203 1175 4259 Christus
1203 4203 1320 4271 Poulpo

171 4297 208 4349 22
227 4297 379 4350 intulerunt
398 4298 428 4362 (l,
446 4299 597 4352 intulerant
618 4298 709 4351 PMF
760 4299 794 4350 27
814 4298 901 4350 tribus
924 4297 975 4351 Get

201 4421 333 4462 xxxxvrr.
347 4421 408 4463 rear.
423 4423 466 4463 111.
1268 4399 1285 4451 6
