3250 4959
320 413 410 482 XXX
789 408 1008 469 Praefatio.

321 605 421 689 igitur
448 604 534 672 omni
562 607 648 671 certa
677 606 710 667 et
736 602 870 687 probata
897 601 1019 667 ratione
1047 601 1264 687 dignoscendi,
1292 622 1373 686 quae
1395 622 1473 669 uera

323 714 409 779 esset
427 715 461 777 et
478 710 615 796 genuina
636 708 785 775 lectionis
804 709 967 789 memoria,
987 708 1064 791 quid
1082 709 1223 775 uirorum
1243 709 1409 776 doctorum
1427 711 1475 775 in-

322 822 465 897 uentum,
504 817 689 902 suspicandi
725 816 829 902 magis
868 819 901 881 et
936 816 1114 881 hariolandi
1155 836 1251 899 quam
1292 818 1476 883 recensendi

322 926 465 1009 suscepit
490 925 666 1009 negotium.
695 923 780 1006 quod
804 923 867 989 etsi
889 942 1004 1008 magno
1028 923 1058 989 ei
1081 923 1285 1000 tribuendum
1308 927 1359 990 est
1380 925 1475 1003 uitio,

323 1070 365 1081 -
389 1052 491 1115 neque
525 1032 608 1099 enim
641 1031 818 1115 ignorabat,
851 1030 908 1098 ubi
935 1034 1175 1097 asseruerentur
1203 1030 1329 1098 codices
1357 1032 1406 1100 illi
1429 1070 1475 1081 -

323 1144 428 1205 tamen
452 1138 555 1223 magis
578 1139 612 1205 in
635 1157 673 1205 ea
694 1158 727 1203 re
751 1138 832 1205 mihi
853 1138 1086 1221 uituperandus
1111 1136 1248 1216 uidetur,
1272 1138 1357 1221 quod
1379 1158 1475 1221 quem

324 1245 442 1313 melius
464 1246 572 1330 potuit
595 1264 781 1313 consumam
804 1244 947 1311 laborem
969 1245 1001 1309 in
1026 1245 1222 1311 excutiendis
1251 1246 1477 1330 perspectioris

325 1351 399 1419 fidei
422 1352 597 1432 codicibus,
622 1371 695 1418 eum
718 1351 850 1435 perdere
872 1351 988 1417 maluit
1010 1350 1042 1416 in
1066 1352 1253 1417 deterrimae
1272 1356 1366 1418 notae
1383 1352 1476 1417 libris

325 1458 532 1544 castigandis,
551 1459 708 1543 Lepdensi
732 1458 858 1524 scilicet
874 1457 956 1524 libro
976 1461 1009 1524 et
1026 1457 1275 1535 vindobonensi,
1292 1459 1347 1541 qui
1366 1460 1479 1542 quanti

326 1568 434 1632 essent
456 1565 647 1632 aestimandi
669 1564 754 1630 unde
777 1564 934 1631 iudicaret
959 1582 1091 1649 prorsus
1117 1564 1254 1631 habebat
1276 1564 1364 1631 nihil.
1391 1564 1476 1631 unde

326 1672 409 1738 enim
436 1672 545 1755 potuit
572 1670 707 1741 iudicari
735 1670 849 1735 borum
878 1670 1026 1737 codicum
1054 1670 1190 1750 indoles,
1221 1690 1257 1737 ex
1284 1671 1375 1738 Italis
1404 1672 1476 1739 dico

327 1776 501 1857 codicibus,
524 1778 620 1844 buius
644 1777 817 1843 memoriae
838 1776 972 1843 lacinias
996 1780 1120 1843 tantum
1138 1778 1252 1843 babuit
1270 1778 1479 1844 collationum

327 1903 442 1968 easque
476 1904 532 1969 per
563 1884 671 1951 uanos
702 1884 802 1951 libros
835 1884 1025 1951 Tertulliani
1058 1883 1242 1970 dissipatas.
1279 1886 1341 1951 etsi
1377 1885 1478 1969 igitur

329 1991 414 2076 quod
442 1991 481 2058 de
510 1992 555 2058 eis
584 1992 748 2057 ferendum
778 1996 866 2059 esset
892 1991 1048 2057 iudicium
1077 1992 1157 2058 scire
1184 2010 1246 2058 non
1274 1992 1391 2075 potuit,
1413 2011 1474 2057 non

329 2100 434 2165 solum
452 2098 557 2165 uarias
577 2116 686 2165 eorum
704 2098 869 2177 lectiones,
888 2117 1023 2181 quarum
1040 2117 1172 2182 prorsus
1189 2098 1299 2165 nullus
1317 2104 1367 2164 est
1385 2118 1476 2178 usus,

330 2205 478 2271 continuo
503 2205 678 2283 aduolauit,
707 2204 764 2271 sed
783 2208 816 2269 et
834 2204 875 2269 ad
896 2206 996 2270 uerba
1018 2204 1159 2271 auctoris
1182 2204 1405 2273 constituenda
1422 2225 1475 2272 eas

329 2311 478 2378 adbibere
511 2331 609 2377 ausus
641 2314 699 2377 est.
724 2314 821 2395 atque
842 2311 967 2376 utinam
1000 2312 1056 2394 qui
1081 2310 1115 2377 in
1141 2313 1376 2397 interpretando
1403 2313 1477 2378 Ter·

329 2419 463 2485 tulliano
495 2422 620 2483 tantum
651 2418 769 2485 laboris
803 2419 1004 2502 consumpsit
1030 2422 1184 2502 quantum
1212 2422 1283 2486 ante
1311 2440 1386 2485 eum
1412 2420 1476 2484 iere

329 2544 432 2604 nemo,
456 2524 597 2609 ingenita
620 2525 734 2591 saltem
758 2542 794 2589 ao
816 2525 952 2589 naturali
976 2523 1123 2607 quadam,
1146 2524 1232 2591 sicut
1254 2525 1366 2591 lunius
1389 2525 1477 2591 Ursi-

330 2652 389 2698 nus
406 2631 470 2712 alii,
486 2631 656 2697 subuenire
675 2632 836 2715 potuisset
854 2632 1002 2714 scriptori
1015 2650 1074 2697 suo
1087 2636 1173 2699 recte
1187 2632 1349 2699 iudicandi
1364 2638 1396 2698 et
1410 2632 1478 2697 ueri

329 2738 512 2805 inueniendi
534 2738 700 2805 facultate!
726 2737 804 2804 satis
828 2738 911 2805 enim
945 2758 1103 2822 superque
1131 2739 1323 2821 reliquerant
1345 2739 1478 2824 priores,

330 2864 412 2927 quae
435 2844 597 2909 clamitare
620 2842 853 2927 quodammodo
877 2843 1060 2911 uiderentur
1082 2845 1293 2911 emendatoris
1316 2847 1427 2928 artem,
1445 2846 1478 2911 in

331 2951 447 3034 quibus
470 2950 627 3034 imprimis
651 2968 705 3017 eos
733 2952 823 3018 locos
851 2970 993 3030 numero,
1023 2951 1077 3035 qui
1105 2972 1256 3035 peruersa
1276 2952 1478 3018 librariorum

333 3057 551 3141 distinguendi
574 3058 695 3123 ratione
720 3058 767 3125 ita
785 3062 874 3124 erant
892 3058 1063 3137 obscurati,
1083 3061 1120 3124 ut
1138 3061 1195 3124 aut
1212 3058 1333 3124 nullam
1352 3060 1478 3125 omuino

331 3167 388 3229 ant
409 3183 471 3230 non
490 3164 569 3229 satis
588 3164 788 3248 perspicuam
807 3165 1100 3248 interpretationem
1123 3165 1338 3231 admitterent.
1361 3166 1478 3231 atenim

331 3274 454 3335 tantum
484 3271 585 3351 abest,
613 3274 651 3336 ut
679 3271 786 3337 debite
813 3273 889 3336 huic
915 3272 961 3336 rei
989 3270 1131 3337 adhibita
1159 3291 1234 3337 cura
1260 3271 1293 3336 in
1318 3272 1477 3357 integrum

330 3379 409 3443 talia
431 3380 590 3458 restituat,
615 3398 695 3463 quae
714 3379 836 3446 nullius
855 3379 930 3444 noui
949 3378 1068 3445 codicis
1088 3398 1183 3463 opera
1200 3379 1305 3444 sanari
1321 3381 1477 3461 poterant,

331 3488 369 3550 ut
391 3505 430 3552 ne
454 3486 609 3551 offendere
634 3486 764 3569 quidem
788 3486 976 3570 plerumque
998 3486 1030 3549 in
1051 3486 1097 3552 eis
1117 3485 1273 3552 uideatur.
1298 3486 1480 3551 emendator

331 3612 407 3659 uero
436 3591 591 3659 Oehlerus
621 3596 729 3659 utrum
756 3592 858 3657 cisum
887 3592 1014 3676 saepius
1043 3612 1081 3657 an
1108 3592 1207 3658 bilem
1233 3593 1315 3657 mibi
1340 3596 1478 3667 moueat,

331 3701 471 3764 incertus
503 3699 636 3765 haesito.
671 3699 924 3764 coniecturarum
957 3700 1041 3765 enim
1074 3700 1153 3775 eius,
1187 3718 1266 3781 quas
1298 3699 1369 3781 ipse
1398 3699 1481 3763 inter

333 3804 431 3870 uerba
448 3805 579 3889 recepit,
599 3824 746 3889 magnam
765 3808 888 3888 partem
906 3805 1004 3871 talem
1024 3826 1094 3871 esse
1113 3806 1231 3882 iudico,
1250 3810 1288 3870 ui
1310 3824 1348 3871 ne
1372 3804 1479 3887 dispu-

333 3915 399 3975 tare
424 3910 551 3993 quidem
576 3910 614 3977 de
638 3912 684 3976 eis
704 3930 785 3995 opus
805 3932 877 3977 esse
895 3916 1016 3996 putem,
1036 3912 1153 3996 quippe
1172 3930 1208 3977 en
1226 3911 1343 3994 quibus
1360 3912 1482 3996 liqueat

333 4038 394 4083 non
424 4018 503 4083 satis
531 4018 730 4102 perspexisse
755 4016 938 4098 Oehlerum,
967 4018 1044 4103 quid
1071 4018 1176 4084 dicere
1199 4019 1339 4084 uoluerit
1360 4017 1481 4083 Tertul-

332 4125 446 4189 lianus.
479 4122 535 4189 sed
568 4126 600 4189 et
631 4124 687 4189 ubi
714 4126 802 4190 iusta
829 4126 951 4192 ratione
980 4125 1111 4191 offendit
1138 4129 1287 4208 recteque
1314 4126 1393 4209 quid
1418 4123 1482 4190 loci

333 4229 413 4296 ratio
437 4248 474 4295 ac
497 4231 653 4301 sententia
676 4234 819 4316 postulet
843 4233 1019 4317 cognoscit,
1044 4232 1175 4305 celerior
1196 4232 1278 4296 mibi
1300 4232 1431 4297 uidetur
1449 4231 1482 4295 in

334 4338 517 4423 corrigendo
542 4358 637 4422 quam
660 4341 692 4404 in
717 4340 895 4423 indagando
919 4359 994 4405 uero
1018 4340 1152 4419 felicior,
1172 4360 1296 4422 quare,
1316 4339 1483 4405 camboni
