3250 4959
362 435 424 490 vn.
442 436 611 490 Aduersus
628 409 827 490 marcionem
845 434 893 489 no.
911 433 1069 489 1110-12.
1228 439 1290 500 351

144 650 184 696 ao
201 650 321 698 uanum
345 631 531 714 disciplinae
553 650 615 696 non
638 630 856 706 uindicandas,
880 629 914 694 id
938 633 1070 696 estnon
1094 630 1292 708 iudicandae,

144 739 400 806 constitutorem.
433 759 494 804 non
526 739 676 822 reprobas
708 743 815 804 autem
848 738 942 802 deum
972 738 1110 802 iudicem
1145 739 1199 820 qui
1230 757 1292 803 non

142 845 285 910 indicem
314 846 409 911 deum
436 847 570 929 probas:
601 846 704 928 ipsam
734 846 802 910 sine
830 843 926 910 dubio
958 845 1114 909 iustitiam
1143 863 1292 910 accusare

143 950 288 1026 debebis,
326 971 407 1032 quae
442 951 580 1016 iodioem
612 955 761 1033 praestat,
795 955 852 1015 ant
883 953 904 1032 †
934 951 973 1014 da
1005 971 1074 1016 eam
1106 956 1136 1015 in
1169 952 1291 1035 speeies

107 1058 286 1126 malitiae
313 1058 474 1140 deputare,
500 1059 535 1124 id
562 1062 613 1124 est
637 1058 829 1122 iniustitiam
857 1057 888 1122 in
916 1057 1031 1124 titulos
1059 1057 1211 1122 bonitatis
1239 1059 1290 1123 ad-

142 1165 292 1229 scribere.
330 1169 407 1229 tuno
445 1165 527 1230 enim
569 1165 696 1230 iustitia
730 1165 863 1242 malum,
902 1165 930 1229 si
966 1164 1126 1228 iniustitia
1162 1164 1290 1228 bonnm.

141 1289 237 1352 porro
256 1291 329 1335 oum
349 1271 472 1355 cogeris
491 1271 681 1336 iniustitiam
705 1271 743 1335 de
766 1271 918 1354 pessimis
942 1271 1156 1353 pronuntiare,
1181 1271 1291 1336 eodem

141 1377 221 1461 iugo
239 1378 361 1460 urgeris
380 1377 539 1444 iustitiam
557 1378 595 1442 de
614 1377 743 1460 optimis
762 1395 901 1441 oensem.
926 1377 1006 1440 nihil
1026 1377 1107 1440 onim
1129 1377 1291 1452 aemulum

142 1485 222 1548 mali
250 1503 311 1549 non
337 1485 466 1560 bonum,
496 1484 582 1549 siout
608 1487 640 1548 et
666 1484 742 1548 boni
769 1483 930 1548 aemulum
959 1484 1038 1548 nibil
1067 1502 1127 1548 non
1159 1485 1290 1548 malum.

92 1621 123 1658 no
140 1591 243 1674 igitur
275 1595 393 1674 quanto
424 1591 545 1655 malum
576 1590 746 1665 iniustitia,
779 1593 867 1655 tanto
902 1591 1020 1656 bonum
1052 1591 1186 1656 iustitia.
1233 1609 1291 1655 noe

140 1698 267 1778 speeies
285 1698 496 1775 solummodo,
511 1697 568 1763 sed
582 1698 684 1762 tutela
697 1698 872 1780 reputanda
885 1698 1048 1773 bonitatis,
1068 1699 1143 1780 quia
1156 1698 1290 1777 bonitas,

140 1801 222 1893 {nisi
240 1805 366 1869 iustitia
383 1809 522 1888 regatur,
546 1811 583 1870 nt
601 1805 688 1870 iusta
706 1800 851 1892 sitlnon
872 1805 932 1868 orit
954 1800 1148 1892 boniteslsi
1171 1804 1292 1869 iniusta
1311 1803 1333 1870 O
1354 1807 1376 1872 0

140 1907 204 1999 sib.
241 1912 321 1976 nihil
350 1912 433 1976 enim
461 1913 580 1976 bonnm
609 1912 692 1995 quod
720 1913 889 1990 iniustum,
919 1911 1035 1976 bonum
1065 1914 1172 1975 autem
1198 1929 1291 1976 omne

140 2018 229 2099 quod
250 2019 384 2082 iustum.

93 2154 120 2193 1⁵
188 2127 240 2190 12.
266 2124 315 2188 lta
342 2125 371 2190 si
399 2126 535 2191 sooietas
563 2129 595 2188 et
624 2125 814 2206 conspiratio
842 2124 994 2188 bonitatis
1023 2127 1118 2209 atquo
1147 2125 1289 2189 iustitiae

139 2231 372 2312 separationem
401 2250 508 2295 earum
541 2250 603 2295 non
634 2233 742 2313 potest
773 2250 896 2314 capere,
930 2251 992 2313 quo
1026 2250 1079 2296 ore
1113 2233 1289 2296 constitues

138 2337 359 2402 diuersitatem
379 2336 513 2401 duorum
534 2336 664 2402 deorum
682 2339 713 2400 in
734 2338 942 2419 separatione,
964 2357 1107 2402 seorsum
1133 2338 1288 2420 deputans

138 2444 235 2509 deum
258 2444 378 2508 bonum
401 2445 435 2507 et
456 2463 598 2509 seorsum
622 2444 717 2508 deam
740 2444 883 2508 iustum?
908 2445 975 2508 illio
999 2445 1148 2510 consistit
1170 2445 1287 2509 bonum

136 2551 195 2614 ubi
218 2555 252 2614 et
274 2550 404 2614 iustum.
433 2570 451 2614 a
474 2551 645 2633 primordio
669 2550 803 2632 deniqne
828 2555 951 2615 creator
973 2555 1040 2614 tam
1065 2550 1167 2615 bonus
1193 2571 1288 2631 quam

88 2687 118 2726 so
136 2661 172 2722 et
197 2658 318 2722 iustus.
355 2658 473 2740 pariter
499 2662 671 2740 utrumque
699 2658 866 2740 prooessit.
905 2659 1028 2723 bonitas
1057 2658 1127 2724 eius
1161 2663 1290 2741 operata

136 2769 190 2829 est
206 2763 372 2833 mundum.
397 2765 522 2829 iustitia
539 2764 703 2829 modulata
726 2767 786 2842 est,
806 2783 887 2846 quae
908 2765 1014 2840 etiam,
1035 2765 1111 2830 dum
1134 2764 1288 2830 mnndum

136 2870 296 2936 iudicauit
328 2890 364 2935 ex
395 2871 486 2935 bonis
517 2871 707 2946 faciendum,
733 2867 832 2958 [qnia]
863 2890 936 2935 oum
970 2871 1122 2936 bonitatis
1155 2871 1288 2936 oonsilio

136 2976 306 3043 iudicauit.
343 2977 489 3042 institiae
517 2996 597 3060 epus
626 2982 688 3053 est,
722 2978 804 3060 quod
836 2979 918 3040 inter
945 2976 1050 3042 lucem
1084 2981 1115 3041 et
1142 2978 1288 3042 tenebras

137 3084 298 3165 separatio
322 3083 522 3165 pronuntiata
546 3087 605 3162 ost,
628 3086 712 3148 inter
734 3084 818 3149 diem
844 3087 1034 3160 absentem,
1058 3085 1141 3147 inter
1165 3084 1287 3148 eaelum

91 3219 120 3260 ss
137 3194 173 3255 et
194 3195 323 3267 terram,
351 3191 433 3254 inter
455 3210 569 3273 aquam
593 3192 786 3272 superiorem
810 3195 843 3254 et
866 3191 1055 3269 inferiorem,
1087 3192 1170 3255 inter
1192 3190 1288 3252 maris

137 3299 266 3362 coetum
295 3303 328 3362 et
354 3298 459 3362 aridae
487 3298 613 3377 molem,
645 3298 727 3361 inter
754 3298 923 3362 luminaria
950 3298 1069 3362 maiora
1097 3301 1129 3360 et
1157 3297 1288 3370 minora,

228 3506 275 3574 23]
296 3504 330 3561 cf.
351 3504 417 3559 Gen.
439 3506 463 3573 1,
482 3509 508 3560 4.
563 3505 609 3575 25]
629 3507 661 3559 of.
681 3507 749 3560 Gen.
770 3507 795 3574 1,
817 3508 841 3560 7.
898 3507 943 3576 26]
965 3506 999 3561 οἱ
1020 3503 1087 3559 Gen,
1108 3506 1131 3568 1,
1153 3505 1194 3558 16.

173 3631 350 3699 2intette9e:
371 3631 460 3684 demit
479 3630 552 3698 aber,
571 3629 631 3696 dost
654 3630 692 3683 du
714 3631 794 3684 einen
811 3630 889 3684 aicbt
906 3630 1067 3684 stationam
1089 3629 1156 3683 Gott
1175 3629 1287 3696 billiyst,

134 3719 252 3788 seboffot
270 3720 309 3773 du
328 3719 381 3773 den
398 3719 559 3774 ricbtenden
575 3720 652 3775 niem
671 3738 723 3772 aus
742 3720 802 3774 dem
825 3720 904 3788 Weye
923 3721 1006 3788 (Εηρι
1072 3721 1089 3772 4
1109 3729 1156 3773 aut
1176 3718 1209 3772 da
1229 3735 1287 3770 eam

134 3807 180 3875 M,
204 3813 254 3861 aut
277 3807 324 3862 det
348 3824 407 3862 eam
431 3809 477 3865 m.
503 3819 551 3861 ant
575 3815 602 3862 et
626 3826 684 3861 eam
708 3808 755 3867 R2.
781 3813 829 3861 aut
853 3807 965 3861 eandem
988 3809 1068 3876 Eoo:
1093 3807 1141 3861 sed
1163 3807 1289 3874 displicet

136 3899 250 3951 omniuo
267 3897 343 3951 illud
360 3902 416 3965 aut,
435 3897 502 3967 quia
519 3913 549 3951 re
567 3898 707 3951 attonsum
723 3914 781 3950 aon
800 3903 837 3950 snt
851 3898 879 3950 in
894 3899 997 3965 species
1018 3897 1137 3950 nnalitiae
1157 3896 1288 3964 deputare

136 3987 175 4041 ob
191 4002 223 4039 eo
240 3987 316 4055 quod
334 3986 485 4039 anteoeds't:
507 4002 641 4042 accusare.
659 3988 750 4040 nescio
768 3986 860 4054 mitur,
882 4003 920 4039 aas
934 3985 1136 4038 rescribendum
1150 3985 1201 4038 sit:
1219 4001 1288 4053 qnae

135 4075 254 4129 iudicem
273 4078 403 4145 praestat.
423 4074 507 4129 sude
526 4092 584 4128 eam
605 4076 632 4128 in
651 4076 755 4144 speeies
774 4075 895 4128 malitiae
917 4073 1056 4143 deputare.
1123 4076 1155 4128 16
1181 4091 1287 4143 separa-

135 4167 239 4218 tionem
263 4163 303 4231 M,
326 4166 498 4233 separatione
522 4164 550 4217 R
621 4179 712 4216 eornm
734 4163 768 4214 M
787 4168 887 4231 (aarum
913 4163 944 4214 in
967 4179 1017 4232 my.
1042 4179 1060 4214 a
1083 4166 1163 4216 m.1t
1234 4178 1288 4214 non

135 4258 228 4325 potest
251 4271 357 4323 capere,
382 4269 434 4322 qno
457 4253 529 4307 Lat:
552 4271 606 4306 non
629 4259 721 4322 potest
743 4257 846 4322 (potem
870 4252 917 4319 M)
941 4269 1039 4306 carere.
1064 4267 1116 4320 quo
1140 4251 1205 4313 MR,
1235 4269 1289 4304 non

136 4347 214 4413 potes
234 4358 339 4396 canere.
360 4359 413 4410 quo
435 4342 565 4398 Oeblerus
618 4344 651 4395 21
672 4342 802 4410 dumMR,
822 4345 880 4394 tum
903 4341 955 4395 aaz
1009 4341 1042 4394 22
1063 4342 1127 4410 qnia
1144 4340 1244 4396 seclusi
