3250 4959
373 420 432 475 VII.
450 417 619 473 Aduersus
639 420 838 473 Marcionem
856 420 905 474 lib.
924 420 980 475 IIII
1000 422 1042 475 10.
1210 426 1275 489 447

116 618 335 684 Danihelem?
356 636 456 681 nonne
476 616 615 681 sufficiet
633 617 671 681 ad
690 617 908 701 probationem
932 619 1109 701 prophetici
1135 616 1279 684 Christi?

118 745 198 789 cum
232 725 315 789 enim
349 724 381 787 id
415 742 447 787 se
481 723 628 806 appellat,
663 724 748 806 quod
780 724 810 787 in
841 724 1004 789 Christum
1037 726 1278 807 praedicabatur

118 832 287 907 creatoris,
322 830 389 894 sine
424 830 519 894 dubio
552 830 659 913 ipsum
694 850 727 894 se
761 834 901 912 praestat
932 832 1089 915 intellegi,
1121 833 1152 895 in
1182 852 1274 914 quem

117 936 375 1020 praedicabatur.
410 936 572 1000 nominum
603 936 784 1001 communic
814 938 958 1018 simplex,
992 938 1019 1001 si
1048 940 1141 1012 forte,
1174 940 1277 1003 uideri

84 1069 97 1106 s
117 1048 242 1127 potest,
254 1080 297 1089 —
309 1046 455 1107 ettamen
465 1062 522 1106 nec
534 1042 695 1108 Christum
708 1062 763 1107 nec
775 1044 878 1107 lesum
889 1045 1111 1126 (eum>uocsri
1126 1046 1279 1111 debuisse

119 1150 324 1215 defendimus
337 1150 532 1215 diuersitatis
544 1149 759 1214 condicionem
770 1154 913 1214 tenentes
924 1188 966 1197 —
977 1152 1147 1234 appellatio
1158 1156 1277 1229 sutem,

119 1257 211 1341 quod
235 1260 284 1321 est
311 1254 399 1319 filius
426 1255 574 1333 hominis,
604 1256 812 1339 inquantum
838 1276 873 1319 er
897 1257 1051 1321 accidenti
1075 1258 1214 1335 chasuit,
1242 1260 1274 1323 in

118 1368 249 1430 tantum
274 1363 403 1429 difficile
427 1367 486 1439 est,
513 1369 549 1427 ut
574 1365 698 1445 etipsa
722 1369 889 1429 concurrat
911 1384 1007 1445 super
1030 1367 1165 1431 nominis
1189 1386 1276 1430 com·

118 1473 317 1548 munionem,
343 1508 384 1517 -
409 1490 445 1535 ex
468 1470 623 1535 accidenti
647 1471 729 1534 enim
755 1472 881 1555 proprio
902 1476 952 1536 est
974 1509 1018 1517 -
1041 1473 1177 1536 maxime
1200 1492 1274 1537 cum
1362 1476 1368 1494 ¹

70 1600 98 1639 ro
120 1598 223 1644 causa
245 1598 305 1642 ncn
330 1578 488 1649 conuenit,
513 1574 646 1663 [eadem]
670 1598 844 1659 perquam
869 1578 1018 1642 deueniat
1045 1580 1076 1642 in
1101 1580 1274 1644 communi·

122 1706 227 1751 onem.
251 1690 345 1767 atque
370 1686 458 1759 adeo,
484 1680 524 1771 [si
548 1688 580 1747 et
604 1682 749 1749 Christus
773 1684 946 1749 Marcionis
969 1690 1064 1750 natus
1089 1706 1125 1750 ex
1147 1687 1277 1751 homine

121 1796 292 1871 diceretur,
317 1796 393 1855 tunc
418 1792 541 1873 etipse
566 1795 691 1873 caperet
710 1791 933 1874 appellationis
953 1794 1219 1857 communionem.
1243 1798 1277 1857 et

121 1904 233 1966 essent
261 1900 322 1963 duc
351 1898 409 1962 lilii
437 1898 584 1974 hominis,
614 1898 697 1961 sicut
726 1900 758 1962 et
786 1898 849 1961 duo
880 1896 999 1963 Christi
1027 1902 1060 1961 et
1086 1899 1148 1963 duo
1171 1900 1273 1964 lesus.

121 2004 213 2093 ergo]
237 2026 310 2071 cunr
335 2005 505 2089 appellatio
529 2006 654 2087 propria
679 2008 728 2069 est
751 2006 831 2081 eius,
859 2006 891 2069 in
919 2024 982 2088 quc
1010 2006 1106 2070 habet
1133 2026 1277 2083 causam,

73 2132 100 2173 rs
122 2115 153 2179 si
178 2118 211 2178 et
235 2113 288 2177 alii
308 2112 498 2188 uindicatur,
516 2112 548 2174 in
570 2130 632 2193 quo
652 2116 702 2175 est
720 2113 899 2176 communic
920 2113 1066 2189 nominis,
1086 2110 1158 2199 [non
1178 2112 1275 2177 etiam

122 2214 362 2305 appellationis]
388 2220 537 2300 suspecta
565 2218 625 2280 iarn
655 2216 692 2281 fit
719 2219 899 2282 communic
927 2220 1066 2283 nominis
1094 2237 1219 2301 quoque
1242 2220 1274 2283 io

123 2348 173 2407 eo,
213 2328 264 2390 cui
300 2325 481 2389 uindicatur
518 2324 584 2388 sine
622 2342 717 2388 causa
754 2324 934 2389 communio
972 2326 1204 2408 appellationis,
1241 2331 1279 2390 et

123 2434 279 2516 sequitur,
298 2436 335 2497 ut
352 2450 435 2497 unus
461 2428 629 2518 [idemque]
655 2430 802 2496 credatur
826 2432 930 2515 quiet
953 2433 1090 2497 nominis
1114 2435 1147 2497 et
1169 2433 1273 2516 appel-

121 2541 254 2606 lationis
273 2540 418 2623 capacior
436 2538 607 2615 inuenitur,
628 2539 702 2602 dum
723 2539 803 2602 alter
822 2539 1009 2613 excluditur,
1029 2539 1082 2621 qui
1103 2540 1277 2604 nonhabet

75 2662 103 2702 ²⁰
124 2646 347 2731 appellationis
362 2645 625 2719 communionem,
642 2664 751 2709 carens
767 2665 870 2711 causa.
886 2665 943 2709 nec
959 2646 1040 2709 alius
1056 2647 1115 2710 erit
1129 2646 1276 2727 capacior

123 2755 294 2835 utriusque
315 2772 407 2833 quam
429 2752 483 2834 qui
502 2752 587 2835 prior
601 2758 632 2818 et
646 2772 758 2817 nomen
774 2752 907 2816 sortitus
923 2755 972 2815 est
988 2752 1104 2817 Christi
1121 2756 1152 2816 et
1167 2753 1275 2835 appel-

123 2861 276 2925 lationem
301 2859 358 2923 filii
382 2858 530 2935 hominis,
555 2859 646 2924 Iesus
675 2859 799 2923 scilicet
828 2859 988 2923 creatoris.
1017 2858 1070 2923 bic
1099 2859 1159 2922 erit
1181 2860 1273 2923 nisus

123 2967 300 3050 Babylonio
312 2966 378 3049 regi
390 2966 421 3029 in
432 2966 565 3045 fornace,
576 2985 647 3030 eum
664 2966 855 3049 martyribus
871 2965 938 3029 suis
955 2970 1097 3046 quartus,
1107 2969 1274 3048 tamquam

216 3124 260 3193 23]
280 3124 314 3178 ci.
335 3124 404 3178 Dan.
423 3124 449 3191 3,
468 3124 511 3181 25.

163 3230 361 3287 leuiticietM.
377 3230 514 3285 sullicitR
550 3228 768 3299 aappellaptM
806 3228 1015 3297 bparmthesin
1029 3230 1160 3282 indicaui
1213 3246 1274 3282 eum

125 3320 228 3376 addidi
276 3323 293 3375 6
308 3320 481 3374 diuersitates
494 3320 533 3373 Μ
584 3320 645 3374 ‘lex
660 3318 794 3373 accidenti
814 3320 927 3372 obuenit
940 3318 1052 3386 MGR³,
1072 3336 1103 3371 ex
1122 3316 1274 3372 accidentia

125 3409 279 3464 inuenitR¹
326 3408 668 3477 sparmrmsinindmaes·
716 3406 963 3460 lOeademseclnsi
1000 3408 1030 3458 ll
1043 3408 1065 3459 si
1076 3410 1105 3459 et
1114 3407 1273 3460 Christus-

126 3514 193 3565 ergo
210 3498 323 3553 seclrssi:
339 3514 407 3551 nam
424 3497 489 3551 inde
508 3514 527 3551 a
544 3497 636 3551 uerbis
654 3500 736 3565 utque
753 3495 820 3549 adeo
834 3496 954 3564 inrepere
971 3496 1056 3549 totius
1074 3494 1274 3563 disputationis

126 3586 327 3641 conclusionem
349 3587 381 3639 in
395 3586 548 3654 propatuto
568 3592 614 3639 est.
633 3602 703 3653 puae
723 3590 814 3639 antem
836 3584 1010 3639 intercedunt
1028 3601 1061 3638 ea
1083 3583 1273 3637 tantammodo

125 3674 266 3743 explicant
275 3691 346 3745 quiae
356 3674 534 3728 antecedunt:
549 3675 662 3726 maxime
677 3674 799 3726 cum-in
816 3675 1039 3727 communionem.
1049 3679 1187 3742 postremo
1201 3670 1275 3723 illud

125 3781 192 3833 ergo
203 3764 721 3832 tl.14)pr0rsarscorrtsensn;udditum
731 3762 843 3816 uidetur
847 3768 996 3831 peripsam
1004 3764 1273 3829 interpretamentum

125 3852 192 3908 olim
205 3852 326 3921 morptnr'
338 3850 509 3921 adscriptam
522 3852 594 3907 inter
611 3852 697 3905 uerba
715 3853 835 3921 irrepsit.
855 3852 978 3921 defendit
995 3867 1067 3919 qaroe
1084 3850 1183 3904 recteest
1200 3848 1272 3917 Enp,

124 3942 166 3997 sie
184 3940 368 4011 distinprrens:
385 3941 412 3994 in
433 3942 655 4001 communionem,
675 3948 756 4010 atque
776 3940 854 4009 adeo,
873 3942 913 3994 si.
926 3983 931 3993 .
944 3986 948 3996 .
961 3985 966 3993 .
979 3946 1007 3994 et
1026 3941 1079 3993 duo
1099 3940 1186 3991 lesus:
1207 3954 1271 4005 ergo

125 4037 183 4093 etc..
202 4031 249 4084 cni
266 4045 296 4083 ec
309 4030 401 4083 minus
415 4030 579 4098 odetr'pnlor,
595 4031 662 4098 qnia
676 4038 701 4083 et
713 4047 801 4099 snpra
816 4036 841 4083 et
854 4030 934 4095 infru
947 4045 1048 4082 memes
1065 4026 1274 4095 interpolatoris

125 4120 298 4191 commetitur
340 4118 372 4172 13
392 4122 420 4171 et
437 4120 540 4187 (prins)
560 4135 610 4173 om.
630 4119 666 4172 Μ
709 4120 739 4171 15
759 4126 788 4173 et
807 4118 891 4173 deleri
908 4120 972 4173 nult
989 4118 1044 4188 Rip
1116 4133 1168 4169 non
1189 4116 1272 4167 ctiam

125 4208 318 4278 appellationis
336 4208 434 4263 seclusi
489 4209 520 4261 17
540 4209 696 4261 uindicatur
714 4210 740 4261 in
761 4226 792 4261 ec
813 4210 871 4261 sine
887 4208 924 4260 Μ
976 4208 1008 4261 18
1028 4206 1156 4275 idemque
1174 4203 1274 4257 seclusi

124 4323 157 4377 21
179 4282 371 4394 appellationis
390 4323 428 4377 Μ
444 4328 523 4389 (corr.
542 4342 577 4377 m.
597 4328 621 4390 1)
676 4324 710 4377 22
730 4325 781 4378 erit
799 4324 869 4391 ΜΡ,
889 4327 948 4377 erat
965 4322 1088 4392 RnnIpc
