3250 4959
400 397 460 452 Vll.
479 397 647 453 Aduersus
666 397 867 454 Marcionem
885 399 932 454 lib.
952 399 976 452 V
995 400 1074 456 7-8.
1250 401 1313 468 597

212 595 241 657 8.
267 592 386 676 (laput
412 593 488 658 uiri
512 593 689 660 Christus
714 597 781 660 est.
811 595 882 678 quis
907 593 1076 662 Christus?
1101 596 1241 678 quinon
1265 599 1315 660 est

163 700 227 764 uiri
260 704 389 765 auctor?
422 704 539 784 ‘caput'
572 701 655 766 enim
679 701 718 766 ad
742 703 966 767 auctoritatem
992 703 1112 784 posuit,
1141 702 1314 768 auctoritas

165 809 273 871 autem
304 823 365 871 nou
398 807 529 871 alterius
563 808 623 872 erit
655 827 748 889 quam
782 807 932 873 auctoris.
965 809 1057 874 cuius
1090 808 1225 891 denique
1253 808 1315 872 uiri

164 915 264 997 caput
282 915 353 978 est?
372 918 456 978 certe
475 913 513 977 de
530 932 592 996 quo
612 913 744 978 subicit:
769 913 829 979 uir
851 915 947 979 euim
967 934 1037 980 non
1063 915 1175 980 debet
1198 918 1313 999 caput

130 1021 298 1100 auctari,
332 1040 412 1086 eum
446 1020 497 1086 sit
526 1019 583 1086 dei
611 1021 744 1105 imago.
776 1021 877 1105 igitur
904 1023 931 1086 si
956 1023 1108 1088 creatoris
1132 1026 1182 1087 est
1204 1022 1311 1106 imago

166 1165 207 1175 —
239 1127 296 1193 ille
329 1127 412 1192 enim
447 1127 608 1193 Christum
641 1147 820 1193 sermonem
853 1148 947 1193 suum
980 1130 1116 1207 intuens,
1149 1128 1311 1193 hominem

164 1235 323 1301 futurum:
361 1235 555 1314 faciamus,
593 1235 707 1318 inquit,
745 1235 932 1301 hominem
964 1235 1008 1300 ad
1039 1235 1244 1319 imaginem
1277 1238 1314 1299 ct

164 1341 457 1407 similitudinem
476 1345 643 1406 nostram
663 1379 704 1388 -
725 1344 883 1424 quomodo
898 1362 1030 1425 possum
1046 1343 1180 1407 altemm
1195 1341 1311 1406 habere

165 1452 271 1532 caput,
304 1467 365 1514 non
400 1467 484 1527 eum,
518 1448 610 1513 euius
638 1449 743 1532 imago
773 1453 866 1514 sum?
899 1469 972 1514 eum
1001 1449 1085 1514 euim
1112 1449 1219 1533 imago
1246 1447 1309 1513 sim

117 1571 145 1610 1⁰
165 1555 325 1632 creatoris,
367 1573 428 1619 uon
466 1558 516 1619 est
556 1554 588 1619 in
630 1574 681 1620 me
718 1555 809 1620 locus
849 1556 963 1640 capitis
1000 1556 1142 1621 alterius.
1183 1554 1241 1620 sed
1279 1558 1311 1620 et

165 1679 261 1743 quare
297 1661 414 1726 mulier
449 1663 641 1744 potestatem
680 1681 775 1744 super
812 1665 910 1746 caput
944 1662 1059 1727 habere
1097 1660 1245 1727 debebit?
1283 1661 1312 1726 si

166 1769 241 1852 quia
278 1788 313 1834 cr
345 1769 413 1833 uiro
442 1771 475 1833 et
501 1771 629 1852 propter
652 1768 756 1833 uirum
780 1771 864 1834 faeta
887 1774 938 1835 est
960 1768 1135 1834 secundnm
1158 1768 1311 1833 instituti·

165 1893 258 1940 onem
282 1875 442 1951 creatoris,
468 1876 514 1940 sic
534 1894 659 1959 quoque
680 1876 749 1941 eius
769 1876 971 1959 disciplinam
990 1877 1155 1960 apostolus
1176 1875 1310 1953 curauit,

166 1980 204 2046 de
238 1981 330 2046 cuius
361 1981 562 2047 institutione
594 2000 706 2048 causas
735 1982 924 2066 disciplinae
950 1983 1184 2065 interpretatur.
1216 1981 1313 2046 adicit

119 2104 147 2146 1⁵
168 2088 279 2153 etiam:
312 2093 467 2172 propter
498 2091 661 2176 angelos.
695 2095 795 2172 quos?
828 2090 862 2153 id
890 2092 939 2155 est
962 2089 1075 2156 cuius?
1109 2089 1137 2153 si
1160 2089 1309 2154 creatoris

164 2199 337 2279 apostatas,
361 2197 484 2274 merito,
509 2199 546 2261 ut
563 2197 620 2262 illa
638 2197 747 2274 iacies,
772 2216 852 2281 quae
870 2217 924 2263 eos
944 2196 1183 2273 scandalizabit,
1203 2199 1309 2261 notam

164 2301 322 2384 quandam
344 2303 460 2366 referat
478 2301 516 2366 de
536 2302 646 2367 habitu
666 2302 858 2368 humilitatis
879 2307 912 2368 et
930 2303 1152 2368 obscuratione
1172 2301 1308 2378 decoris3

164 2408 191 2471 si
215 2427 291 2473 uero
315 2413 443 2492 propter
466 2409 594 2493 angelos
620 2408 671 2473 dei
695 2410 837 2488 alterius,
862 2409 938 2492 quid
961 2413 1100 2485 uerctur,
1125 2407 1152 2472 si
1172 2426 1228 2472 uec
1247 2408 1310 2491 ipsi

162 2514 369 2580 Marcionitae
382 2515 515 2580 feminas
530 2515 705 2598 adpetunt?
765 2515 865 2598 Saepe
879 2517 942 2580 iam
954 2515 1153 2580 ostendimus
1163 2515 1309 2580 haereses

118 2641 147 2681 so
165 2619 249 2702 apud
277 2621 457 2703 apostolum
484 2620 566 2685 inter
589 2623 672 2686 mala
694 2624 731 2686 ut
753 2623 874 2686 malum
898 2623 973 2704 poni
996 2627 1028 2686 et
1051 2641 1105 2687 eos
1129 2621 1309 2705 probabiles

161 2725 405 2812 intellegendos,
425 2729 480 2810 qui
499 2728 648 2793 haereses
670 2732 704 2793 ut
722 2729 842 2793 malum
861 2729 995 2813 fugiant.
1063 2729 1200 2792 Proinde
1219 2727 1309 2811 panis

163 2836 196 2899 et
229 2834 337 2900 caliois
370 2839 565 2900 sacramento
598 2835 661 2899 iam
694 2835 725 2898 in
750 2835 915 2918 euangelio
939 2834 1145 2918 probauimus
1170 2834 1308 2918 corporis

163 2943 196 3006 ct
214 2940 378 3026 sanguinis
397 2943 547 3008 dominici
567 2943 733 3007 ueritatem
753 2942 906 3007 aduersus
925 2942 1114 3023 phantasma
1127 2941 1308 3020 Marcionis,

163 3047 221 3113 sed
248 3049 281 3113 et
307 3067 431 3113 omnem
459 3049 569 3114 iudicii
597 3049 789 3114 mentionem
814 3047 946 3113 creatori
970 3052 1160 3131 competere,
1188 3051 1226 3112 ut
1249 3047 1307 3111 deo

116 3171 142 3212 2⁵
160 3155 269 3232 iudici,
288 3157 356 3220 toto
375 3175 474 3238 paene
494 3175 586 3239 opere
605 3159 777 3221 tractatum
799 3160 856 3220 est.
919 3155 1012 3221 Nunc
1037 3155 1074 3219 de
1099 3154 1306 3236 spiritalibus.

162 3261 233 3325 dico
257 3261 334 3326 haec
358 3281 492 3345 quoque,
515 3263 546 3326 iu
572 3261 733 3328 Christum
758 3281 776 3326 a
799 3265 939 3327 creatore
961 3263 1120 3345 promissa
1142 3279 1226 3337 aas,
1247 3259 1306 3323 sub

162 3367 219 3432 illa
232 3370 489 3452 praescriptione,
508 3370 688 3436 iustissima
704 3371 823 3454 opinor,
844 3389 906 3452 qua
919 3388 980 3434 non
1001 3368 1133 3432 alterius
1154 3365 1308 3432 credenda

162 3477 207 3544 sit
229 3475 392 3553 exhibitio,
420 3496 515 3560 quam
540 3477 632 3543 cuius
655 3478 788 3560 probata
810 3477 906 3542 fuerit
932 3475 1146 3560 repromissio.
1173 3492 1306 3557 pronun·

254 3650 391 3721 l]1(lor.
413 3651 498 3722 11‚3.
539 3652 785 3721 41100r.11,7.
829 3653 857 3722 7]
878 3651 945 3708 Gen.
966 3654 990 3721 1,
1010 3651 1053 3706 26.
1098 3648 1304 3720 ll]cf.ICor.

163 3740 267 3808 11,1b.
310 3739 589 3811 15]ΙΟοι.11,10.
644 3740 854 3810 ci.Gen.6‚l.
898 3737 1305 3811 19]ol.lcor.11,18-19.

161 3829 206 3899 21]
226 3827 260 3886 cf.
278 3828 292 3883 1
311 3828 370 3885 Cor.
392 3829 566 3898 11,23-27.
613 3829 658 3900 24]
678 3828 813 3918 cf.ICor.
830 3829 930 3891 11,29.
979 3830 1026 3898 25]
1047 3827 1081 3884 cf.
1101 3827 1115 3881 1
1133 3827 1195 3882 Cor.
1217 3825 1259 3888 12,
1280 3826 1304 3879 1.

199 3937 212 3990 1
229 3936 362 4001 Christus,
373 3935 512 4004 quinnlpo
549 3936 627 3988 2uiri
642 3939 737 3989 auctor
751 3937 785 4004 cf.
796 3936 876 4003 c'nsra
886 3935 904 3990 l.
917 3939 999 4004 (legg.
1036 3933 1147 3988 5uelari
1157 3931 1199 3996 M,
1214 3930 1305 3984 uelare

159 4025 279 4095 Rnnlpo
317 4024 575 4095 16apostatatasM
609 4024 1119 4088 22sacramentoMR³,sacramentum
1129 4019 1169 4076 R¹
1205 4019 1305 4090 25spi·

159 4115 286 4169 ritalibus
301 4113 370 4176 dico,
385 4113 452 4168 baec
466 4114 550 4183 nnlqo
597 4113 630 4168 26
646 4114 776 4168 lacunam
789 4113 914 4184 npnani:
929 4111 963 4166 ab
978 4110 1073 4166 eodem
1088 4110 1170 4165 eham
1185 4109 1306 4164 exhibita

159 4205 205 4259 nel
213 4203 317 4258 similia
325 4203 496 4258 intercidisse
505 4208 583 4272 puto,
593 4203 658 4272 Enp
666 4204 729 4258 anit
737 4203 864 4257 nescibi:
874 4202 1012 4258 Christum
1024 4203 1142 4270 (suum)
1155 4217 1171 4253 a
1185 4203 1304 4254 creatore

159 4293 300 4362 promissa,
319 4291 391 4346 nihil
404 4299 550 4360 praetcrea
564 4297 672 4361 putans
689 4291 859 4345 intercidisse
912 4292 947 4344 27
965 4289 1163 4358 proscriptione
1183 4289 1217 4341 Μ
