3250 4959
309 398 373 462 406
539 395 657 461 Quinti
676 395 819 463 Septimi
838 394 1010 448 Florentia
1029 391 1236 446 Tertulliani

307 594 458 675 negantes
486 589 667 671 passionem
697 588 800 653 crucis
828 588 859 651 in
884 586 1045 653 Christum
1070 585 1221 651 creatoris
1244 584 1463 668 praedicatam

309 703 340 762 et
364 698 620 780 argumentantes
644 696 774 777 insuper
796 713 858 759 non
883 713 953 759 esse
973 693 1174 770 credendum,
1197 694 1284 756 utin
1303 692 1337 755 id
1357 710 1462 775 genos

307 803 420 867 mortis
443 801 625 884 exposuerit
648 806 771 865 creator
793 800 897 865 filium
916 820 1022 875 suum,
1045 799 1130 883 qnod
1147 800 1217 881 ipse
1234 798 1460 863 maledixerat:

308 909 572 977 maledictus,
601 908 714 990 inquit.
746 908 877 971 omnis
906 907 974 988 qni
1001 907 1244 993 pependerit
1270 907 1309 971 in
1333 907 1462 990 ligno.

308 1016 363 1081 sed
379 1016 475 1079 huius
489 1015 724 1079 maledictionis
740 1033 868 1078 sensum
884 1014 993 1079 differo
1005 1014 1099 1097 digne
1113 1032 1132 1077 a
1146 1013 1460 1096 solapraedicatione
1492 1032 1506 1069 ⁵

308 1124 423 1199 crucis,
448 1122 487 1186 de
510 1140 572 1203 qua
596 1140 678 1185 nirnc
697 1121 831 1185 maxime
851 1123 1022 1202 quaeritur,
1047 1122 1122 1203 qnia
1140 1125 1171 1184 et
1194 1120 1274 1185 alias
1298 1120 1461 1184 antecedit

308 1250 411 1293 rerum
440 1230 585 1312 probatio
609 1230 771 1293 rationem.
801 1228 840 1292 de
863 1228 973 1313 figuris
996 1228 1085 1310 prius
1113 1227 1261 1293 edocebo.
1289 1231 1323 1291 et
1345 1229 1461 1309 utique

307 1337 360 1399 nel
384 1336 517 1399 maxime
541 1340 772 1399 sacramentum
796 1335 884 1399 istud
906 1334 1036 1417 figurari
1057 1335 1089 1398 in
1112 1334 1348 1417 praedicatione
1368 1353 1461 1416 opor·

305 1443 403 1520 tebat,
431 1444 549 1523 quanto
577 1441 773 1515 incredibile,
806 1443 896 1505 tanto
926 1442 1030 1525 magis
1059 1440 1209 1505 scandalo
1236 1442 1396 1514 sciturum,
1430 1443 1459 1506 si

306 1547 389 1610 nude
408 1546 652 1628 praedicaretur,
677 1554 860 1629 quantoque
878 1547 1093 1630 magnificum,
1112 1550 1202 1611 tanto
1219 1547 1326 1631 magis
1344 1547 1458 1611 ohum-
1476 1563 1501 1603 ιο

305 1652 471 1729 trandum,
490 1658 527 1717 ut
547 1653 718 1718 difficultas
733 1653 917 1718 intellectus
933 1654 1067 1738 gratiam
1082 1654 1133 1717 dei
1147 1658 1323 1735 quaereret.
1345 1654 1457 1737 itaque

306 1760 451 1843 inprimis
475 1763 575 1837 Isaac,
606 1780 678 1825 cum
708 1782 726 1825 a
752 1764 842 1844 patre
870 1761 901 1823 in
930 1762 1068 1827 hostiam
1093 1761 1221 1826 deditus
1244 1761 1370 1846 lignum
1394 1762 1458 1825 sibi

305 1870 446 1949 portaret
467 1868 548 1948 ipse,
574 1866 693 1931 Christi
718 1868 838 1931 exitum
857 1867 920 1930 iam
939 1872 1015 1932 tuno
1035 1868 1214 1946 denotabat,
1236 1868 1268 1930 in
1288 1868 1456 1932 uictimam

306 1973 450 2038 concessi
478 1992 496 2036 a
519 1975 607 2055 patre
632 1978 664 2037 et
686 1973 810 2057 lignum
834 1973 992 2055 passionis
1016 1993 1092 2039 suae
1115 1973 1299 2038 baiulantis.
1327 1974 1456 2057 Ioseph.

307 2083 339 2143 et
356 2080 426 2161 ipse
442 2078 604 2144 Christum
623 2078 829 2162 figuraturos,
844 2082 898 2145 uel
915 2080 975 2145 hoc
995 2081 1074 2157 solo,
1093 2101 1132 2145 ne
1151 2080 1295 2145 demorer
1313 2100 1455 2156 cursum,
1473 2095 1498 2135 1³

306 2185 391 2267 quod
420 2187 672 2268 persecutionem
703 2206 721 2251 a
748 2187 900 2251 fratribus
927 2207 1043 2270 passus
1073 2192 1124 2253 est
1150 2186 1191 2252 ob
1222 2187 1274 2251 dei
1306 2188 1454 2271 gratiam

306 2294 391 2357 sicut
411 2296 442 2356 et
462 2293 608 2358 Christus
629 2314 647 2357 a
666 2294 792 2358 Iudaeis
814 2294 980 2359 carnaliter
998 2296 1192 2377 (fratribus)
1205 2314 1278 2359 cnm
1297 2294 1452 2359 benedici·

305 2404 359 2463 ior
388 2420 406 2463 a
433 2404 521 2481 patre
545 2401 641 2464 etiam
665 2400 696 2464 in
722 2401 801 2465 haec
824 2401 936 2467 uerba:
967 2401 1076 2465 tauri
1105 2400 1225 2466 decor
1252 2399 1354 2477 eius,
1378 2420 1454 2466 cor·

307 2525 385 2569 nna
414 2507 628 2573 unicornis
659 2526 808 2572 cornua
838 2508 937 2585 eius,
965 2508 1003 2572 in
1032 2508 1091 2573 eis
1114 2508 1302 2571 nationes
1325 2507 1453 2571 uenti-

305 2612 413 2677 labit
440 2615 596 2695 pariter
624 2614 669 2677 ad
699 2634 892 2678 summum
920 2634 1048 2696 usque
1076 2618 1218 2690 terrae,
1249 2632 1310 2679 non
1342 2614 1494 2696 unques

304 2718 485 2784 rhinoceros
510 2720 726 2785 destinabatur
749 2722 909 2785 unicornis
932 2741 990 2786 nec
1007 2722 1205 2785 minotaurus
1223 2721 1374 2797 bicornis,
1397 2720 1454 2785 sed

306 2826 453 2891 Christus
480 2826 511 2890 in
541 2826 597 2891 illo
627 2828 877 2911 significabatur,
909 2832 1020 2891 taurus
1054 2828 1093 2892 oh
1122 2832 1291 2909 utramque
1317 2827 1453 2909 disposi-

304 2932 434 3008 tionem,
454 2932 526 2997 aliis
549 2934 635 2997 ierus
656 2938 693 2998 ut
711 2934 815 3009 iudex,
836 2935 908 2997 aliis
927 2938 1113 2998 mansuetus
1132 2938 1170 2999 ut
1188 2935 1340 3011 saluator,
1361 2934 1452 2998 cuins

305 3058 421 3103 cornua
445 3043 552 3105 essent
575 3040 678 3105 crucis
703 3042 826 3104 extima.
855 3060 927 3104 nam
951 3045 983 3104 et
1005 3040 1036 3103 in
1060 3044 1216 3118 antemna,
1245 3058 1325 3122 quae
1348 3042 1453 3105 crucis

305 3164 376 3227 pars
397 3150 456 3223 est,
473 3148 687 3211 extremitates
707 3167 823 3211 cornua
842 3151 1007 3223 uocantur,
1027 3147 1185 3213 unicornis
1203 3150 1309 3211 autem
1329 3146 1452 3211 mediae
1468 3160 1493 3199 ¹⁵

305 3252 425 3334 stipitis
444 3255 547 3335 palus.
573 3254 631 3318 hae
652 3254 787 3335 denique
808 3254 927 3319 uirtute
947 3254 1050 3318 crucis
1069 3258 1102 3318 et
1118 3254 1180 3317 hoc
1197 3272 1285 3318 more
1298 3259 1451 3318 comptos

306 3361 470 3423 uniuersas
496 3364 606 3443 gentes
632 3365 662 3423 et
686 3379 769 3424 nuuc
794 3361 931 3424 uentilat
953 3380 1008 3443 per
1029 3360 1135 3434 fidem,
1160 3360 1305 3425 auferens
1329 3379 1347 3423 a
1371 3364 1452 3424 terra

393 3552 420 3619 dl
440 3551 520 3604 Dent.
541 3552 582 3617 21,
603 3552 644 3605 23.
703 3552 745 3619 18}
765 3551 847 3603 Dent.
868 3552 911 3610 33,
932 3552 973 3604 15.

340 3676 356 3725 5
372 3672 465 3726 differo
477 3700 509 3719 =
521 3692 643 3727 semoueo
658 3677 703 3743 (is.
715 3676 796 3742 Apol.
812 3691 834 3727 c.
847 3680 899 3728 40.-
910 3675 987 3727 dilati
1002 3674 1035 3727 ab
1050 3675 1123 3727 omni
1136 3674 1214 3743 fruge
1228 3675 1313 3737 uitae)
1369 3674 1451 3743 digne

304 3766 348 3824 (=
361 3763 430 3829 iure)
441 3766 577 3831 ascripsi:
588 3764 686 3831 dignae
697 3764 732 3831 n,
743 3764 826 3833 digne
835 3764 873 3816 M
916 3764 949 3815 13
960 3769 1082 3833 portaret
1095 3766 1154 3832 ipse
1163 3763 1205 3824 M,
1219 3763 1277 3833 ipse
1291 3766 1416 3832 portaret
1424 3762 1451 3815 R

306 3856 338 3907 15
354 3854 422 3917 <in>
442 3852 577 3905 Christum
598 3853 650 3907 Urs
718 3854 882 3921 figuraturos
901 3853 980 3921 Eup.-
997 3854 1128 3920 figuratus
1146 3851 1209 3905 MR
1289 3852 1334 3904 uel
1351 3852 1451 3921 scripsi
1462 3878 1470 3885 -

304 3942 403 4007 (troiam
411 3958 477 4009 pena
487 3947 621 3994 aeruroso:
630 3958 679 3994 nec
689 3942 750 3995 Ml?
789 3944 821 3993 16
832 3958 927 4009 passus
938 3947 980 3992 est
994 3945 1043 4007 <et
1053 3940 1232 3993 nenmndatus
1241 3940 1268 3992 in
1278 3940 1454 4009 Aegyptum>

303 4030 375 4082 Pom
432 4030 464 4082 17
485 4031 629 4082 carnaliter
644 4030 815 4099 <iratribus>
836 4031 964 4083 Celaletae
987 4030 1047 4095 (loc.
1066 4046 1133 4097 perra.
1150 4029 1281 4095 secataal:
1306 4029 1452 4081 carnaliter

303 4120 374 4186 MR,
395 4121 539 4171 carnaliter
555 4120 706 4187 <iratribus
723 4118 903 4174 uenumdatns.
918 4120 1015 4172 aloda
1034 4136 1092 4171 curn
1106 4118 1230 4173 traditur.
1245 4134 1307 4171 nam
1323 4118 1451 4184 et>Pan

306 4210 337 4261 le
349 4212 449 4277 epatre
461 4210 541 4260 etiarn
553 4225 604 4261 oni.
617 4210 686 4261 Pam
724 4210 758 4261 ‘20
769 4212 865 4261 terrae.
877 4226 929 4260 non
940 4210 1025 4276 rsulpo
1061 4210 1096 4261 24
1107 4208 1206 4260 extima
1216 4206 1285 4265 MP,
1296 4206 1452 4259 extremuit

303 4302 430 4350 aritenrna
439 4299 554 4365 <nanis>
565 4298 635 4351 Pom
679 4300 713 4351 25>
724 4297 829 4351 mediae
839 4298 917 4363 Erip:
926 4298 1015 4350 media
1025 4297 1094 4357 MR,
1104 4296 1210 4349 medius
1224 4295 1284 4357 Uro,
1294 4294 1383 4348 medio
1392 4294 1451 4347 Iun
