3250 4959
666 373 884 429 Praelatio.
1273 376 1351 442 Xssl

202 571 362 636 uariantes
376 587 486 635 eorum
505 568 678 652 scriptume
697 569 751 634 uel
768 568 852 633 inter
870 568 968 634 uerba
985 570 1125 653 recipere
1144 568 1198 635 uel
1216 571 1353 655 margini

202 677 391 743 adscribere.
416 695 479 761 qua
501 676 630 760 quidem
653 676 686 740 in
710 694 840 741 recum
863 675 1040 742 uerisimile
1061 675 1187 743 nonsit
1203 676 1296 742 illum
1315 697 1354 743 ea

201 803 264 867 qua
277 803 335 850 nos
356 784 497 851 solemus
517 802 593 849 cura
611 801 648 849 ec
667 782 834 868 diligentia
850 801 923 849 esse
940 782 1080 863 usum,¹)
1097 782 1236 849 multum
1250 784 1351 861 abest,

200 894 238 957 ut
259 892 387 975 plenam
411 895 443 957 et
464 892 622 976 integram
646 889 821 956 habeamus
844 890 990 957 codicum
1012 889 1143 956 illorum
1168 890 1352 977 imaginem.

200 1001 234 1063 ot
256 996 304 1065 sic
326 1004 433 1064 tamen
462 1016 499 1063 er
526 999 584 1075 eis,
608 1016 696 1080 quae
710 996 743 1061 iu
766 994 800 1061 B
823 1000 856 1062 et
877 994 962 1081 Boeo
983 996 1191 1063 inueniuntur
1218 1017 1238 1063 a
1263 1002 1352 1064 textu

199 1104 401 1171 Rhenaniauo
426 1102 560 1182 diuersa,
591 1103 818 1186 comprobatur
840 1102 925 1186 quod
948 1121 1045 1186 supra
1065 1103 1201 1169 tulimus
1224 1103 1263 1172 do
1285 1118 1356 1172 cor-¹

198 1210 285 1294 poris
324 1209 543 1277 Oluniaoensis
585 1209 767 1275 recensione
802 1208 970 1287 iudicium,
1006 1210 1193 1274 mendorum
1228 1210 1353 1277 scilicet

198 1336 348 1402 maguam
361 1320 485 1399 partem
500 1334 561 1381 nou
580 1316 721 1382 incuriae
739 1315 940 1382 librariorum
959 1315 1016 1381 sed
1034 1319 1247 1382 correctorum
1266 1317 1351 1384 curie

199 1423 439 1491 adscribendam
464 1422 692 1507 esreouoties
716 1426 823 1489 autem
846 1424 1017 1489 uerbomm
1038 1423 1194 1488 iacturam
1217 1426 1271 1489 uel
1289 1425 1352 1491 sin·

126 1560 130 1567 ⁴
199 1531 349 1616 gulosum
377 1531 431 1597 uel
458 1529 599 1614 plurium
624 1549 723 1615 ,passa
741 1528 785 1597 sit
802 1530 959 1595 recentior
976 1530 1129 1596 momoria
1146 1529 1218 1595 iude
1237 1549 1351 1617 cogno·

199 1656 282 1717 scae,
302 1638 388 1721 quod
401 1638 433 1704 in
447 1638 517 1705 solo
531 1638 612 1704 libro
632 1637 670 1703 dc
682 1637 845 1721 policrate
863 1637 967 1703 sexies
977 1634 1012 1702 iu
1024 1635 1058 1702 B
1073 1641 1257 1721 comparent
1270 1658 1350 1721 quae

198 1744 232 1809 in
255 1744 389 1829 reliquie
413 1744 578 1811 codicibus
602 1763 730 1830 prorsus
754 1744 953 1822 interierunt,
966 1744 1004 1809 iu
1022 1744 1073 1809 his
1093 1743 1245 1829 magnum
1267 1745 1350 1811 illud

197 1851 229 1915 in
264 1852 369 1935 capite
400 1851 496 1917 tertio
529 1850 652 1917 docimo
675 1851 804 1930 lemma,
836 1848 923 1934 quod
949 1850 989 1915 ab
1012 1849 1144 1916 interitu
1167 1850 1350 1918 uindicasse

198 1976 260 2023 uon
283 1976 419 2041 paruum
443 1960 494 2025 est
516 1956 665 2023 meritum
693 1956 843 2023 editionis
866 1956 1110 2021 hlesnartiauae.
1142 1956 1221 2022 haec
1243 1960 1350 2024 sutem

201 2064 373 2130 uerborum
398 2064 531 2131 amissio
554 2084 627 2131 cum
645 2063 762 2131 'eodem
785 2063 881 2129 modo
905 2064 1003 2129 otium
1024 2062 1058 2129 iu
1080 2063 1163 2129 libro
1185 2063 1223 2129 dc
1245 2066 1353 2130 camis

198 2174 426 2238 resurrectione
455 2172 577 2258 passim
610 2174 765 2252 oenomai,
796 2171 875 2256 quid
907 2170 947 2236 de
973 2171 1171 2255 reliquorum
1197 2171 1350 2239 librorum

197 2277 381 2363 integritate
398 2278 603 2346 iudicandum
618 2278 672 2356 sit,
687 2278 785 2344 simul
798 2278 983 2344 absolutum
997 2281 1057 2344 est.
1076 2312 1122 2327 -
1140 2277 1350 2363 sigismun-

203 2384 288 2451 dum
320 2403 395 2451 nero
430 2383 639 2465 Gelonium,
671 2384 726 2468 qui
757 2385 828 2468 ipse
856 2404 982 2469 quoque
1009 2386 1041 2451 in
1066 2384 1186 2451 edendo
1208 2385 1290 2451 libro
1314 2384 1352 2449 dc

203 2494 311 2557 comis
331 2493 558 2557 resomocoona
578 2491 763 2558 adhibuisse
781 2511 818 2558 se
835 2495 975 2557 testatur
992 2492 1135 2558 codicem
1154 2510 1249 2558 suum
1267 2492 1353 2557 Mas·

202 2598 381 2679 burensem,
414 2598 621 2665 Meenartiaui
651 2598 726 2665 libri
752 2599 889 2665 marimo
917 2598 1045 2665 affinem
1068 2600 1097 2665 si
1119 2618 1181 2665 non
1205 2599 1352 2677 eundem,

204 2704 333 2791 dignum
362 2724 423 2772 nou
452 2724 523 2773 esse
548 2706 604 2772 cui,
622 2706 717 2771 fidem
740 2705 927 2785 habeamus,
954 2705 1110 2771 indicanti
1132 2706 1258 2772 scilicet
1279 2725 1354 2771 nus·

204 2832 298 2896 quam
318 2811 398 2896 quid
414 2812 516 2880 codici
535 2812 612 2896 quid
629 2812 756 2899 ingenio
776 2831 835 2879 sno
855 2814 980 2892 debeat,
1003 2818 1036 2879 et
1059 2812 1136 2879 alibi
1158 2812 1354 2894 docuimus')

204 2922 236 2984 et
267 2920 299 2985 in
331 2920 403 3003 ipse
434 2919 531 2986 huius
562 2920 637 2985 libri
667 2921 853 2986 recensione
881 2921 961 2986 setis
988 2938 1147 3005 superque
1172 2920 1355 2986 inuenimua

205 3025 455 3109 comprobatum.
483 3026 667 3093 uenditasse
696 3027 780 3093 enim
807 3026 901 3093 illum
927 3026 1048 3112 ingenii
1072 3027 1124 3093 sni
1146 3027 1278 3093 inuenta
1298 3047 1355 3111 pro

204 3133 323 3199 codicis
356 3132 549 3199 lectionibus
565 3150 642 3199 uon
675 3134 781 3218 lugiet
807 3153 881 3199 eum
904 3134 967 3217 qui·
983 3134 1215 3218 compescuerit
1235 3132 1356 3217 ubique

203 3236 237 3303 B
264 3258 337 3305 cnm
369 3238 511 3309 Gelenio.
543 3241 646 3306 multo
675 3238 838 3307 difficilius
869 3240 949 3305 mihi
972 3240 1101 3307 uidetur
1124 3239 1163 3306 de
1186 3258 1223 3306 eo
1243 3239 1356 3306 'codice

247 3476 269 3543 ²)
287 3478 362 3534 hlslu
379 3478 432 3534 lide
451 3497 513 3535 eum
531 3480 671 3536 sustulisse
686 3480 719 3536 do
734 3482 773 3536 eis
788 3498 857 3552 quae
869 3482 898 3537 in
913 3480 1052 3537 codicibus
1066 3483 1123 3537 suis
1137 3484 1281 3537 inuenerat
1299 3499 1353 3536 uon

203 3564 292 3621 habeo
311 3568 385 3638 quod
403 3569 533 3639 suspicor.
552 3570 636 3625 immo
654 3568 809 3625 laudandus
827 3571 896 3625 mihi
913 3572 1031 3639 uidetur,
1051 3570 1124 3641 quod
1143 3588 1176 3625 ea
1194 3588 1263 3641 quoe
1283 3571 1354 3641 apud

203 3654 363 3713 Rhenanum
383 3658 494 3715 omnino
512 3659 627 3714 uidebat
650 3660 743 3719 deesse
766 3660 873 3716 numnis
897 3662 1030 3732 appositis
1053 3661 1171 3731 notauit,
1189 3662 1263 3717 sicut
1280 3666 1310 3715 ct
1326 3660 1356 3713 iu

204 3744 275 3800 libro
293 3747 327 3802 dc
338 3747 485 3816 predicits’a
503 3764 572 3817 quae
590 3750 619 3804 iu
639 3748 731 3803 codice
754 3766 811 3804 suo
827 3753 997 3805 ouunuerunt
1018 3752 1115 3822 spatiis
1138 3751 1233 3806 uacuis
1249 3750 1355 3805 relictis

206 3832 353 3905 diligenter
372 3840 401 3891 ct
420 3840 544 3892 accurate
562 3836 704 3892 iudicauit.
723 3837 753 3891 id
771 3839 859 3893 solum
879 3840 904 3894 ei
922 3840 992 3894 uitio
1005 3842 1077 3895 nemi
1090 3843 1192 3911 potest,
1207 3838 1280 3909 quod
1293 3839 1355 3909 plus

206 3937 291 3991 aequo
310 3922 392 3979 fidem
409 3924 539 3979 habuisse
558 3924 667 3979 uidetur
683 3925 808 3981 Rhenum
828 3927 994 3997 auctoritati,
1013 3946 1067 3982 nou
1087 3945 1135 3982 suo
1155 3926 1242 3982 codici
1261 3943 1354 3995 super-

206 4017 313 4065 struaus
336 4027 436 4067 nouem
460 4011 607 4069 editionem
631 4012 679 4068 sed
702 4014 778 4069 illius
802 4016 881 4071 curis.
907 4020 980 4070 certe
1003 4014 1191 4085 segregandus
1219 4020 1262 4070 est
1284 4022 1354 4069 uta

206 4114 321 4167 persons
337 4099 448 4155 Iocuuie
467 4100 593 4171 Gangnci
610 4102 652 4156 ita
671 4105 700 4157 ot
718 4120 734 4157 a
751 4100 862 4165 iudicio,
887 4104 960 4175 quod
983 4104 1016 4158 de
1039 4104 1092 4159 hoo
1110 4104 1169 4158 uiro
1190 4103 1269 4158 docto
1289 4104 1355 4158 tulit
1419 4136 1434 4153 ..

210 4184 346 4243 Carolus
361 4190 507 4246 Schenkl
521 4190 636 4263 (Poetae
648 4190 805 4247 Oluistc'am'
817 4193 936 4249 minores
950 4192 1159 4263 uol.1337eqq.
1170 4193 1261 4247 earet
1272 4196 1353 4263 sqq.).

254 4273 274 4343 ¹)
293 4276 327 4332 ci.
348 4277 457 4349 Queat.
480 4278 553 4334 Tert.
571 4296 598 4350 p.
616 4280 642 4334 8.
