3250 4959
430 366 465 421 11.
485 367 532 421 De
552 364 669 421 Cernis
687 366 949 421 Resurrectione
967 366 1047 421 5-6.
1268 370 1310 436 33

184 564 237 631 ’6.
261 565 440 647 Persequar
464 562 572 645 itaque
600 561 810 647 propositum,
839 560 868 625 si
899 564 1006 627 tamen
1034 565 1159 626 tantum
1188 563 1311 644 poesim

161 672 248 737 carni
285 670 456 749 uindicare,
489 673 642 751 quantum
681 668 819 733 contulit
849 667 898 732 illi
931 668 987 749 qui
1024 688 1092 733 eam
1129 670 1215 736 fecit.
1247 671 1311 735 iarn

160 780 240 845 tunc
266 776 466 862 gloriantem,
500 774 584 857 qnod
616 774 672 839 illa
706 773 879 857 pusillitas,
912 774 1020 851 limus,
1048 775 1081 840 in
1113 794 1225 842 manns
1253 776 1313 858 dei,

162 904 382 969 quaecumque
420 886 504 961 eunt,
546 882 701 966 peruenit,
744 880 824 946 satis
859 880 973 947 beatus
1011 882 1073 947 etsi
1110 884 1313 949 solummodo

127 992 342 1057 acontectua.
380 989 456 1071 quid
495 988 590 1062 enim,
628 988 656 1053 si
693 988 781 1052 nullo
819 988 958 1071 emplius
996 1006 1089 1072 opere
1126 991 1237 1055 statim
1273 990 1312 1055 de

160 1102 311 1163 contactu
338 1096 388 1161 dei
415 1096 602 1180 figmentum
632 1095 852 1161 constitisset?
880 1096 975 1178 (non)
1002 1096 1081 1161 adeo
1108 1116 1313 1181 magnares,

161 1200 340 1291 [agebatur]
365 1222 445 1286 quae
468 1203 532 1267 ista
553 1202 685 1267 materia
708 1201 921 1267 ertmebatur.
942 1203 1051 1285 itaque
1073 1203 1193 1269 totiens
1216 1204 1313 1269 bono·

162 1314 261 1387 ratur,
285 1309 434 1392 quotiens
456 1327 570 1375 manus
595 1308 646 1373 dei
669 1309 800 1391 patitur,
830 1308 906 1373 dum
929 1311 1082 1393 tangitur,
1106 1311 1183 1375 dum
1207 1311 1313 1375 decer-

161 1416 259 1501 pitur,
280 1417 355 1481 dum
375 1415 552 1494 deducitur,
573 1415 648 1480 dum
668 1415 841 1499 effingitur.
865 1416 1006 1500 recogita
1025 1421 1130 1481 totum
1149 1417 1198 1480 illi
1217 1416 1312 1482 deum

114 1548 142 1589 ιο
162 1528 356 1605 occupatum
385 1540 421 1588 ao
445 1522 600 1599 deditum,
628 1540 724 1587 urano
754 1541 850 1587 senen
879 1540 972 1604 opere
997 1524 1129 1588 consilio
1156 1524 1314 1607 sapientia

161 1629 364 1713 prouidentia
399 1632 432 1694 et
468 1629 539 1711 ipsa
579 1628 726 1711 inprimis
768 1628 958 1705 adlectione,
1004 1647 1085 1711 quae
1126 1630 1312 1693 liniamenta

163 1735 312 1801 ducebat.
363 1734 585 1817 quodcumque
627 1734 709 1801 anim
750 1735 848 1801 limus
890 1736 1132 1817 exprimebatur,
1166 1735 1314 1801 Christus

163 1843 377 1927 cogitabatur,
414 1842 508 1907 homo
545 1842 684 1919 futurus,
709 1842 794 1923 quod
825 1846 859 1907 et
885 1842 993 1920 limus,
1031 1846 1064 1907 et
1094 1860 1165 1909 caro
1198 1862 1314 1922 sermo,

164 1950 250 2033 quod
281 1954 315 2015 et
345 1952 429 2014 terra
465 1950 552 2013 tunc.
590 1948 637 2013 sic
675 1950 758 2013 enim
796 1950 950 2032 praelatio
987 1950 1087 2032 patn's
1125 1952 1164 2014 ad
1195 1950 1313 2015 filium:

118 2056 366 2122 reluctamus
395 2055 594 2119 bominem
619 2054 664 2120 ad
687 2055 906 2139 imaginem
930 2060 969 2120 et
992 2056 1313 2121 similitudinem

165 2164 356 2227 nostram.
402 2164 441 2225 et
485 2160 590 2226 fecit
629 2160 830 2225 bominem
872 2160 981 2239 deus,
1019 2161 1051 2225 id
1083 2162 1195 2244 utique
1230 2163 1315 2243 quod

164 2269 265 2341 tinxit,
302 2266 351 2332 ad
382 2267 598 2351 imaginem
632 2266 695 2331 dei
731 2266 837 2332 fecit
875 2267 1003 2346 illum,
1033 2268 1158 2333 scilicet
1186 2269 1314 2334 Ghristi.

166 2380 199 2440 et
217 2392 320 2438 sermo
340 2374 423 2439 onim
443 2373 532 2451 deus,
558 2372 664 2456 quiin
685 2372 790 2456 effigie
809 2372 860 2437 dei
878 2375 1075 2439 constitutus
1095 2392 1154 2438 uon
1172 2376 1315 2456 rapinam

165 2480 362 2546 existimauit
392 2480 506 2562 pariari
545 2479 613 2545 deo.
652 2479 700 2543 ita
729 2480 828 2544 limus
855 2478 910 2544 ille
942 2481 1005 2544 iam
1037 2485 1115 2545 tunc
1143 2478 1314 2563 imaginem

118 2614 148 2654 ao
165 2588 303 2652 induens
332 2586 451 2653 Christi
479 2585 578 2651 futuri
606 2586 637 2649 in
673 2603 764 2651 carne
797 2605 859 2650 uon
891 2590 1015 2651 tantum
1049 2586 1100 2651 dei
1136 2605 1217 2669 opus
1250 2590 1318 2651 erat

166 2692 224 2758 sed
260 2698 293 2758 et
328 2692 456 2777 pignus.
494 2710 556 2774 quo
593 2710 677 2756 nunc
712 2691 790 2756 lacit
825 2692 865 2755 ad
905 2692 1124 2758 infuscandam
1160 2694 1316 2777 originem

166 2800 269 2865 carnis
296 2818 410 2865 nomen
437 2802 539 2863 terras
566 2798 731 2875 uentilare,
764 2802 802 2863 ut
830 2800 999 2878 sordentis,
1027 2803 1066 2865 ut
1091 2801 1226 2865 iacentis
1255 2800 1317 2864 ele·

166 2907 288 2971 menti?
320 2924 404 2985 oum,
438 2909 471 2970 et
507 2905 535 2970 oi
569 2905 632 2969 alia
663 2907 797 2969 materia
829 2906 1006 2971 excudendo
1039 2906 1160 2972 homini
1193 2924 1317 2989 compe·

166 3011 273 3089 tisset,
306 3012 436 3077 artificis
468 3011 635 3096 fastigium
668 3012 837 3096 recogitari
870 3016 1039 3095 oporteret,
1077 3013 1131 3095 qui
1163 3013 1252 3077 illam
1284 3014 1318 3075 et

119 3119 314 3203 seligendo
351 3118 479 3203 dignam
521 3118 696 3184 iudicasset
732 3122 765 3183 et
801 3119 966 3184 tractando
1003 3121 1143 3186 fecisset.
1184 3119 1318 3183 Phidiae

167 3242 281 3289 munus
321 3224 432 3289 Iouem
477 3221 661 3307 Olympium
704 3244 739 3289 ex
782 3226 876 3290 ebore
911 3225 1053 3300 molitur,
1096 3229 1128 3290 st
1169 3226 1318 3290 adoratur

168 3352 226 3399 nec
261 3332 326 3397 iam
366 3332 500 3409 bestiae,
534 3336 567 3397 et
603 3331 730 3414 quidem
767 3332 1013 3410 insulsissimae,
1051 3332 1129 3396 dens
1163 3335 1224 3408 est,
1261 3332 1317 3397 sed

261 3455 306 3523 15]
327 3452 394 3509 Gen.
416 3456 439 3516 l,
459 3452 502 3509 26.
559 3453 604 3522 18]
625 3452 658 3507 cf.
677 3453 749 3507 Phil.
769 3455 795 3519 2,
814 3456 839 3508 6.

204 3561 222 3615 2
241 3561 283 3615 illi
296 3561 410 3629 scripsi:
422 3560 469 3614 ille
484 3558 575 3614 PMF
627 3562 643 3615 5
659 3560 692 3614 de
707 3564 834 3614 contactu
848 3560 893 3613 dei
907 3561 1068 3629 figmentum
1080 3560 1192 3628 scripsi:
1203 3560 1316 3629 figmen-

167 3654 227 3704 tum
246 3649 280 3704 de
299 3654 427 3704 contactu
445 3648 490 3703 dei
508 3648 600 3703 PMF
650 3650 667 3703 6
684 3666 739 3704 nou
759 3650 861 3703 addidi
914 3651 929 3701 7
949 3650 1084 3720 agebatur
1101 3650 1214 3703 aeclesia
1229 3648 1318 3717 <sed>

168 3738 423 3809 adeo-agebatur
440 3738 506 3808 ΕΜ
578 3754 648 3807 quae
662 3738 759 3805 PMF,
784 3754 839 3807 que
856 3738 885 3792 R
895 3739 982 3809 calpe
1037 3737 1207 3792 oboeditum
1221 3738 1318 3792 Μελ·

169 3825 378 3889 dedicetumP,
397 3825 550 3891 dedicatum
570 3826 604 3880 M
662 3829 693 3881 12
714 3828 832 3881 ducebat
853 3826 921 3882 Ura:
943 3827 1058 3881 decebat
1075 3826 1171 3888 PMF,
1195 3824 1320 3880 dictabat

168 3915 248 3985 Bag,
272 3914 403 3969 ductabat
425 3914 497 3969 Pom
559 3916 591 3971 13
615 3916 704 3979 limus,
729 3922 757 3970 et
780 3916 857 3987 mg:
881 3917 963 3969 limus
986 3920 1016 3969 et
1037 3916 1121 3984 culpo
1145 3931 1232 3968 sermo
1256 3932 1317 3969 caro

172 4004 226 4059 see
280 4006 313 4058 17
333 4004 472 4061 Christum
496 4006 567 4075 ΒΜ
623 4008 654 4061 19
674 4006 773 4075 pariari
793 4005 833 4060 12³
856 4007 903 4074 (ef.
927 4005 993 4059 udos.
1016 4005 1109 4059 More.
1134 4004 1165 4071 V,
1188 4008 1251 4071 20):
1270 4020 1320 4073 par

169 4095 197 4148 iu
219 4094 358 4158 PMFR¹,
381 4110 472 4163 parem
497 4110 555 4149 esee
578 4094 649 4165 Rmp
671 4094 801 4149 Oeblcraos
855 4098 890 4149 25
914 4092 1046 4162 elegendo
1072 4094 1097 4148 0
1170 4092 1252 4147 fidiae
1275 4093 1317 4161 M,

170 4180 234 4235 tidei
259 4182 288 4235 P
313 4182 394 4251 (corr.
419 4182 467 4249 R),
491 4182 550 4235 fidii
574 4180 604 4235 F
665 4182 699 4237 26
729 4186 843 4238 molitur
870 4187 899 4237 et
927 4181 1056 4237 adoratur
1082 4183 1179 4246 PMF,
1206 4181 1319 4236 molitae

170 4270 319 4325 aduramur
340 4268 392 4324 Get
446 4271 479 4325 27
500 4270 548 4325 sed
569 4270 635 4326 Gal:
654 4276 681 4325 et
699 4271 791 4326 PMF

196 4394 408 4436 xxxma-rm.
422 4394 465 4435 111.
1266 4376 1282 4422 ὅ
