3250 4959
407 433 467 488 vn.
486 435 653 489 Aduersus
671 435 872 491 Marcionem
892 437 938 491 lib.
958 437 978 492 I,
1000 440 1078 492 6-7.
1252 444 1317 508 299

166 648 247 693 sono
271 647 330 694 nec
353 635 445 693 notae
468 631 604 695 nominis
633 631 728 695 huius
753 651 914 696 summum
944 651 1092 716 maguum
1121 633 1152 696 in
1178 637 1317 698 creatore

166 735 314 813 defendo,
343 735 400 800 sed
427 737 489 820 ipsi
513 736 721 816 substantiae,
752 737 803 802 cui
832 755 945 802 nornen
973 739 1033 804 hoc
1061 739 1205 824 contigit.
1239 739 1318 804 hanc

163 841 334 906 inueniens
349 843 450 907 solam
473 843 613 907 innatam
633 842 794 921 inlectam,
815 843 914 908 solam
935 847 1094 908 aeternam
1115 847 1147 910 et
1164 845 1318 910 uniuersi-

164 949 246 1012 tatis
274 948 490 1028 conditricem,
523 968 584 1014 non
616 949 747 1026 nomini,
781 950 837 1015 sed
870 951 979 1026 statui,
1014 969 1070 1016 nec
1103 952 1317 1035 appellationi,

131 1055 224 1118 seed
251 1055 426 1121 condicioni
446 1055 515 1120 eius
535 1074 696 1120 summurn
721 1074 873 1140 magnum
898 1060 930 1121 et
953 1055 1097 1122 adscribo
1122 1061 1155 1122 et
1177 1057 1318 1122 uindico.

165 1167 201 1225 et
224 1161 307 1239 ideo,
332 1164 405 1246 quia
424 1163 502 1228 deus
520 1163 584 1227 ianr
603 1162 710 1226 uocari
730 1161 868 1226 obtinuit
891 1162 1071 1227 substantia
1090 1164 1142 1228 cui
1161 1162 1316 1240 adscribo,

164 1267 289 1333 nomini
308 1287 359 1333 me
376 1268 552 1332 adscribere
566 1273 669 1350 putas,
690 1269 764 1351 quia
782 1287 912 1333 necesse
937 1271 988 1332 est
1005 1287 1060 1352 per
1078 1287 1192 1333 nomen
1212 1272 1316 1334 osten·

167 1374 240 1438 dam
266 1375 318 1440 cui
342 1375 520 1440 adscribam
545 1373 753 1450 substantiae,
779 1374 903 1439 scilicet
927 1394 989 1458 qua
1013 1377 1137 1441 constat
1159 1375 1214 1458 qui
1238 1375 1316 1440 deus

165 1481 296 1545 dieitur.
307 1484 341 1546 at
350 1501 510 1546 summum
521 1499 672 1566 maguum
688 1499 723 1544 ex
738 1481 927 1560 substantia,
942 1499 1003 1546 non
1020 1501 1055 1546 ex
1070 1481 1204 1561 nomine,
1221 1482 1317 1564 depu-

116 1611 146 1651 ro
166 1591 263 1652 tatur.
287 1587 422 1670 denique
449 1588 510 1653 hoc
539 1593 572 1651 et
597 1587 737 1650 Marcion
768 1606 826 1651 suo
856 1587 913 1652 deo
942 1586 1118 1665 uindicem,
1143 1587 1316 1652 secuudum

165 1697 300 1772 statum,
326 1713 386 1757 non
410 1693 586 1758 secundum
608 1693 801 1758 uocabulum
825 1693 976 1758 uindicat.
1000 1693 1033 1758 id
1056 1712 1130 1778 ergo
1155 1712 1316 1758 summum

165 1818 331 1882 maguum,
355 1799 440 1881 quod
468 1799 526 1864 deo
554 1798 766 1864 adscribimus
796 1819 832 1864 ex
860 1799 1057 1864 substantiae
1081 1801 1163 1884 lege,
1188 1819 1247 1864 nou
1282 1819 1317 1864 ex

165 1905 306 1971 nominis
330 1910 425 1985 sorte,
445 1905 666 1970 contendimus
687 1925 725 1970 cx
743 1906 810 1988 pari
830 1923 901 1970 esse
921 1905 1035 1970 debere
1052 1906 1086 1970 in
1105 1905 1241 1983 duobus,
1262 1906 1317 1988 qui

165 2031 206 2075 ea
224 2013 404 2078 substantia
426 2015 583 2090 coustant,
607 2031 689 2094 quae
708 2011 786 2076 deus
806 2011 932 2089 dicitur,
953 2012 1028 2095 quie
1045 2012 1077 2076 irr
1098 2015 1251 2094 quantum
1271 2011 1314 2076 dii

115 2145 145 2184 1⁵
165 2121 335 2196 uocantur,
368 2118 401 2183 id
428 2125 479 2184 est
506 2137 632 2183 summa
662 2137 787 2202 magna,
818 2118 1016 2183 substantiae
1045 2118 1170 2183 scilicet
1201 2119 1313 2183 merito

168 2227 297 2289 innatae
321 2229 354 2290 et
377 2229 521 2290 aeternae
544 2244 581 2290 ao
603 2244 659 2308 per
677 2225 738 2290 lroc
756 2243 888 2309 magnae
908 2229 941 2288 et
959 2243 1112 2302 summae,
1136 2225 1167 2289 irr
1192 2227 1315 2290 tautum

167 2351 232 2396 non
255 2333 360 2415 possit
383 2352 543 2397 summum
567 2351 717 2416 magnum
741 2332 847 2396 minus
877 2335 910 2396 et
936 2331 1074 2396 deterius
1099 2332 1160 2396 alio
1191 2351 1315 2397 summo

167 2458 286 2523 magno
310 2440 427 2505 heberi
451 2440 479 2504 si
503 2439 621 2504 summi
640 2444 745 2524 magui
767 2439 905 2504 felicitas
925 2444 956 2504 et
976 2439 1158 2502 sublimitas
1183 2443 1215 2503 et
1237 2439 1315 2502 inte-

167 2547 269 2630 gritas
297 2547 396 2611 stabit
422 2547 454 2611 irr
483 2547 541 2612 dec
570 2545 752 2622 Marcionis,
782 2545 1058 2628 stabitnequeet
1084 2546 1259 2622 innostro,
1289 2545 1315 2608 si

116 2671 229 2717 aanor
260 2657 293 2718 et
325 2654 355 2717 in
383 2657 501 2730 nostro,
535 2672 634 2735 aeque
665 2671 723 2717 nec
754 2653 785 2715 in
820 2651 999 2717 Marcionis.
1034 2671 1107 2747 ergo
1140 2671 1196 2716 nee
1229 2651 1316 2736 paria

168 2764 264 2824 emnt
287 2759 350 2824 duo
373 2779 500 2825 summa
522 2779 647 2845 magna,
673 2760 747 2842 quia
769 2759 916 2842 prohibet
939 2758 1095 2840 disposita
1117 2759 1180 2822 iam
1205 2758 1315 2842 regula

167 2865 287 2929 summi
323 2867 430 2950 magui
462 2867 728 2950 comparationem
765 2885 825 2930 norr
864 2866 1034 2940 sustinens,
1072 2885 1129 2930 nec
1167 2864 1313 2947 disparia,

167 2970 245 3052 quia
268 2975 301 3036 et
323 2973 385 3036 alia
408 2974 526 3037 summi
549 2974 657 3058 magni
681 2972 792 3056 regula
816 2971 963 3048 occurrit,
989 2972 1231 3037 diminutionem
1255 2991 1314 3036 non

167 3077 350 3142 admittens.
372 3078 514 3156 haesisti,
538 3079 690 3156 Marcion,
714 3078 746 3141 in
770 3077 875 3142 medio
896 3077 989 3141 Ponti
1014 3077 1061 3140 tui
1086 3081 1185 3140 aestu.
1204 3078 1314 3140 utrim-

115 3209 149 3250 π
166 3203 230 3266 que
252 3187 285 3249 te
307 3184 424 3249 fluctus
444 3185 588 3250 ueritatis
611 3186 791 3251 inuoluunt.
811 3203 869 3248 nec
888 3203 979 3266 pares
999 3203 1057 3248 nec
1077 3183 1218 3267 dispares
1239 3183 1314 3247 deos

166 3290 282 3354 sistere
310 3293 410 3373 potes.
435 3290 497 3355 duo
521 3291 604 3355 enirn
628 3310 690 3354 non
720 3294 803 3354 sunt.
833 3288 918 3371 quod
946 3289 1103 3370 pertineat
1125 3288 1250 3371 proprie
1275 3289 1313 3352 ad

166 3396 290 3460 numeri
313 3399 528 3474 retractatum,
558 3415 749 3479 quamquam
773 3399 843 3460 tota
871 3396 1003 3461 materia
1027 3396 1064 3460 de
1093 3394 1217 3460 duobus
1246 3395 1313 3459 deis

166 3503 349 3581 dimicetur,
382 3503 432 3568 his
464 3503 590 3568 interim
624 3503 716 3566 lineis
749 3521 821 3566 eum
855 3502 1020 3579 clusimus,
1053 3505 1136 3566 intra
1169 3521 1246 3583 quas
1276 3501 1313 3564 de

166 3610 384 3694 singularibus
408 3611 469 3674 ianr
494 3611 741 3692 proprietatibus
765 3609 1013 3694 congrediemur.

205 3770 219 3821 l
238 3772 320 3821 notae
338 3766 407 3827 MR.
428 3784 494 3821 uoce
514 3767 558 3821 uel
575 3771 656 3820 notae
669 3766 761 3836 R¹m9
808 3767 825 3820 2
841 3767 966 3836 contigit,
982 3768 1052 3820 hauc
1065 3765 1148 3834 curleo
1211 3767 1227 3818 9
1248 3766 1313 3819 dici·

165 3860 220 3909 tur.
233 3859 263 3909 at
274 3856 387 3924 amirei:
400 3855 507 3923 dicitur,
522 3860 551 3909 et
564 3855 626 3911 MR
677 3858 709 3910 10
724 3857 774 3910 hoc
788 3859 817 3909 et
829 3858 947 3910 marcion
962 3857 1032 3910 MR.
1048 3859 1076 3908 et
1089 3855 1140 3908 hoc
1155 3856 1272 3908 marcion
1287 3855 1317 3908 F

168 3972 202 4024 14
221 3975 350 4025 constant
366 3971 402 4035 R,
422 3938 531 4026 constant
547 3971 585 4024 M
602 3978 630 4037 (rr
649 3989 670 4026 a.
689 3989 717 4025 a.
739 3989 757 4024 a
774 3989 808 4027 m.
830 3977 865 4041 1),
886 3976 992 4025 constat
1011 3971 1040 4024 1⁴¹
1115 3987 1183 4040 quae
1201 3971 1314 4039 scripsi:

165 4061 294 4130 qnaMR
339 4060 673 4130 qniaR³,qniaquiMR¹
711 4059 976 4126 lbet(att.)om.R³
1013 4061 1046 4113 22
1057 4060 1314 4128 sustinensscrapsr':

165 4150 328 4204 sustinentis
346 4149 410 4203 MR
463 4152 498 4203 25
516 4151 642 4204 ueritatis
660 4150 806 4203 inuoluunt
824 4151 866 4217 M,
886 4149 1031 4202 inuoluunt
1049 4149 1175 4202 ueritatis
1193 4148 1313 4218 Ruulqo

163 4241 202 4294 ⁴26
216 4241 292 4302 sunt;
309 4237 381 4308 quod
394 4239 479 4308 culpo
523 4240 558 4292 27
573 4242 759 4293 retractatum.
774 4255 937 4308 quamquam
947 4238 1032 4306 sculpo
1078 4238 1112 4291 28
1128 4253 1186 4290 enm
1201 4237 1314 4306 scripsi:

163 4345 226 4382 eam
245 4328 309 4382 MR
385 4327 514 4381 clusimus
533 4327 574 4391 Μ,
595 4328 740 4380 clausimus
758 4328 878 4396 Ruerlpo
