3250 4959
398 373 448 430 ΙΙΙ.
469 373 637 429 Aduersus
656 375 897 444 Hermogenem
919 376 1032 431 19-21.
1228 379 1290 442 149

132 569 218 636 onim
244 570 391 636 ederetur
420 589 454 634 er
479 589 552 652 quo,
578 569 604 634 si
630 589 665 634 er
689 571 797 652 aliquo
822 570 939 636 fuisset
967 574 1125 652 operatus.
1155 570 1289 654 denique

132 677 338 761 euangelium
372 681 408 742 ut
440 678 698 760 supplementum
733 677 936 742 instrumenti
969 678 1087 742 ueteris
1121 676 1288 759 adhibebo,

129 783 159 846 in
183 803 249 866 quo
274 785 327 848 uel
351 801 388 848 eo
413 784 515 868 magis
540 783 692 848 debuerat
715 782 840 848 ostendi
864 783 943 848 deus
964 802 999 846 er
1024 783 1131 867 eliqua
1153 783 1286 849 materie

130 891 282 957 uniuersa
299 891 426 967 fecisse,
442 910 505 975 quo
524 889 591 954 illio
608 891 714 968 etiam,
730 909 785 972 per
801 909 895 972 quem
910 890 1016 956 omnis
1031 891 1151 966 feeerit,
1167 892 1286 956 reuele-

102 999 191 1062 stur.
204 997 242 1062 in
264 997 452 1080 principio
472 999 552 1062 erat
571 1015 703 1074 sermo,
720 997 804 1060 -in
822 1015 884 1078 quo
899 996 1052 1080 principio
1064 997 1188 1062 scilieet
1206 998 1283 1064 deus

129 1103 203 1168 feeit
218 1105 345 1168 eoelum
361 1107 624 1168 etterram-et
643 1122 765 1168 sermo
785 1108 865 1168 erat
884 1103 981 1185 apud
1000 1102 1118 1178 deum,
1134 1107 1171 1168 et
1190 1105 1282 1169 deus

130 1213 206 1274 eret
236 1229 369 1275 sermo.
400 1212 522 1276 omnia
549 1229 613 1292 per
642 1210 751 1274 illurn
781 1210 1007 1288 factasunt,
1036 1213 1074 1274 et
1101 1211 1181 1274 sine
1210 1211 1281 1276 illo

127 1316 269 1382 suetum
296 1317 483 1383 estnihil.
515 1335 587 1381 eum
612 1317 712 1401 igitur
736 1320 768 1382 et
791 1317 843 1381 hie
868 1316 1091 1384 manifestetur
1114 1321 1147 1383 et
1168 1317 1280 1398 faetor,

127 1421 157 1486 id
176 1425 227 1488 est
246 1423 338 1501 deus,
362 1427 393 1488 et
411 1424 508 1501 feste,
528 1425 560 1488 id
580 1427 629 1488 est
649 1423 765 1501 omnia,
790 1429 823 1488 et
841 1442 1019 1506 perquem,
1043 1424 1076 1488 id
1095 1428 1147 1488 est
1164 1443 1279 1507 sermo,

92 1544 113 1582 1⁰
127 1549 226 1594 nonne
247 1535 282 1595 et
300 1530 382 1595 unde
403 1531 504 1596 omnio
525 1530 609 1595 faeta
629 1533 735 1596 essent
750 1530 841 1595 adeo
859 1550 915 1614 per
929 1549 1106 1596 sermonem
1121 1532 1280 1617 exegisset

128 1636 198 1702 ordo
227 1636 383 1721 profiteri,
414 1637 441 1704 si
470 1657 506 1702 er
529 1638 636 1721 aliquo
665 1637 751 1703 foeta
774 1641 903 1703 essent?
930 1638 975 1702 ita
1003 1638 1088 1721 quod
1115 1657 1176 1704 non
1204 1639 1275 1717 suit,

125 1761 182 1807 non
205 1743 315 1827 potuit
339 1744 497 1826 scripture
516 1743 667 1828 profiteri,
692 1747 724 1807 et
747 1763 808 1810 non
827 1744 1002 1827 profitendo
1026 1745 1105 1810 sotis
1128 1745 1277 1829 probauit

126 1867 182 1914 non
200 1851 315 1926 tuisse,
341 1851 416 1932 quia
438 1849 649 1934 profiteretur,
675 1850 701 1914 si
724 1851 851 1916 fuisset.
879 1833 883 1841 ¹

167 1959 218 2022 21.
252 1957 349 2041 Ergo,
383 1958 498 2041 inquis,
533 1957 561 2022 si
592 1961 628 2022 tu
662 1956 732 2022 ideo
767 1956 966 2041 praeiudicas
999 1977 1036 2022 ex
1062 1959 1161 2024 nihilo
1189 1961 1273 2025 faeta

91 2075 112 2114 ¹⁵
127 2063 235 2143 omnia,
260 2064 337 2146 quie
360 2083 420 2129 non
446 2063 489 2129 sit
512 2064 679 2128 manifeste
704 2063 840 2128 relatum
859 2063 898 2129 do
916 2064 1050 2129 materia
1071 2066 1269 2148 praecedent

124 2166 238 2233 fretum
262 2169 351 2252 quid,
376 2169 450 2235 uide
474 2189 512 2234 ne
536 2170 663 2235 diuersa
691 2187 763 2253 pars
787 2169 859 2234 ideo
888 2169 1057 2234 contendet
1080 2189 1116 2234 er
1139 2172 1270 2237 materia

125 2275 222 2338 omnia
239 2276 338 2353 fecta,
363 2275 437 2358 quie
456 2276 585 2359 proinde
606 2295 666 2340 non
687 2279 794 2358 aperte
814 2275 1031 2360 significatum
1051 2276 1095 2340 sit
1114 2278 1267 2344 ernilrilo

127 2379 195 2461 quid
221 2381 356 2447 factum.
389 2381 482 2465 plane
510 2382 686 2464 retorqueri
715 2381 870 2464 quaedem
901 2380 995 2446 feoile
1028 2386 1173 2465 possunt,
1206 2403 1266 2450 non

124 2487 224 2551 statim
253 2495 286 2553 et
315 2507 351 2553 er
379 2507 480 2572 aequo
510 2489 644 2568 admitti,
673 2489 727 2553 ubi
757 2489 928 2554 diuersitas
957 2507 1072 2554 causae
1105 2492 1162 2555 est.
1194 2490 1264 2556 dieo

90 2603 111 2646 u
126 2591 210 2671 erim,
238 2597 300 2662 etsi
328 2615 390 2662 non
419 2598 526 2680 aperte
555 2595 712 2679 scriptura
741 2596 959 2679 pronuntiauit
987 2614 1024 2660 ex
1051 2596 1149 2661 nihilo
1182 2596 1265 2663 faeta

124 2701 479 2780 omnie,sioutneee1
507 2702 648 2782 materia,
676 2721 736 2766 nou
765 2705 888 2766 tantam
911 2701 1011 2768 fuisse
1039 2703 1263 2768 necessitatem

124 2809 219 2885 aperte
242 2807 441 2893 significandi
465 2809 503 2874 de
526 2808 625 2873 nihilo
653 2809 738 2873 facte
763 2809 878 2884 omnis,
907 2811 1026 2891 quante
1049 2813 1144 2884 esset,
1174 2810 1202 2874 si
1225 2829 1261 2874 en

123 2913 243 2977 materie
265 2915 352 2980 seete
373 2915 520 2993 fuissent,
545 2915 705 2998 quonism,
734 2913 816 2996 quod
846 2913 883 2977 fit
909 2933 946 2979 er
973 2915 1084 2991 nihilo,
1113 2934 1150 2982 eo
1177 2916 1258 2998 ipso,

124 3013 188 3080 dum
210 3039 269 3086 non
294 3021 475 3086 ostenditur
497 3041 534 3086 ex
557 3022 664 3104 aliquo
692 3021 824 3095 factum,
854 3021 1077 3086 manifestetur
1100 3043 1135 3086 ex
1158 3023 1257 3088 nihilo

88 3119 239 3202 artetum,
269 3131 302 3192 et
325 3147 386 3193 non
414 3127 621 3212 periclitetur,
645 3146 682 3192 ne
707 3147 743 3190 en
767 3128 874 3210 aliquo
899 3129 1021 3192 factum
1049 3129 1257 3201 existimetur,

124 3232 233 3308 quaudo
255 3253 317 3299 non
342 3233 584 3311 demonstretur,
610 3255 646 3299 er
669 3253 731 3317 quo
757 3235 799 3298 sit
822 3236 954 3299 factum.
980 3235 1064 3315 quod
1088 3240 1194 3300 nutem
1221 3256 1255 3300 er

124 3333 216 3417 utiquo
237 3339 283 3416 fit,
308 3341 370 3405 nisi
392 3341 453 3406 hoo
476 3342 584 3424 ipsum
609 3345 715 3423 aperte
739 3341 918 3407 declaretur
940 3360 976 3405 or
1005 3341 1109 3423 aliquo
1134 3343 1252 3407 foetum

123 3437 200 3521 illud,
240 3446 316 3512 dum
357 3465 392 3511 er
436 3467 498 3530 quo
540 3449 661 3514 foetum
705 3450 747 3514 sit
791 3449 980 3525 ostenditur,
1022 3448 1253 3532 periclitabitur

124 3545 209 3624 primo
234 3551 336 3618 uideri
369 3571 404 3619 er
433 3555 532 3619 nihilo
561 3555 692 3634 foetum,
721 3556 880 3638 quianon
909 3555 1025 3634 editur,
1054 3576 1090 3621 er
1118 3574 1179 3638 quo
1208 3556 1251 3622 sit

197 3857 273 3931 s-o]
293 3861 351 3916 nn.
372 3862 396 3928 1,
417 3863 441 3918 1.
493 3864 520 3935 r]
540 3865 598 3921 ron.
620 3867 643 3933 1,
663 3866 687 3922 e.

124 4062 269 4156 'tonan
322 4073 360 4127 191
374 4089 404 4127 ex
423 4089 510 4144 aequo
524 4075 561 4140 R,
580 4091 611 4130 ex
631 4077 823 4148 quoPoorr.
837 4077 874 4145 R)
889 4078 948 4132 NF
1000 4080 1033 4134 23
1054 4095 1085 4133 eo
1105 4080 1164 4148 ipso
1180 4081 1244 4148 ΡΝ,

124 4159 196 4214 ΨΜ
212 4155 240 4208 F
296 4161 331 4214 24
349 4161 541 4221 manifestetur
558 4164 621 4226 ΡΝ,
640 4165 844 4220 manifestatum
865 4171 906 4220 est
924 4169 954 4221 1¹¹
1013 4169 1049 4222 26
1067 4168 1242 4224 sit-fectum

124 4240 233 4296 MN?
280 4249 313 4304 28
329 4253 423 4320 <non>
440 4250 593 4306 ostenditur
611 4253 665 4323 Εἰς
