3250 4959
322 383 364 447 86
555 378 673 444 Quinti
693 379 836 448 Septimi
855 378 1025 433 Florentia
1044 379 1251 435 Tertulliani

325 575 379 656 qui
409 573 446 638 ab
477 574 614 638 aduentu
641 573 761 637 domini
792 572 1066 656 deprehendentur
1096 575 1129 638 in
1162 595 1251 641 omne
1283 581 1315 641 et
1345 581 1477 660 propter

326 680 460 744 duritias
475 683 654 764 temporum
671 681 850 745 antichristi
868 681 1076 746 merebuntur
1094 683 1279 767 compendio
1293 685 1405 748 mortis
1419 703 1477 765 per

326 786 574 852 demutationem
599 791 772 869 expunctae
796 806 981 852 concurrere
1011 807 1082 852 curn
1111 791 1361 874 resurgentibus,
1389 791 1478 856 sicut

324 894 645 994 Thesalonicenpibus
685 895 808 958 scribit:
836 895 910 959 hoc
943 895 1045 959 enim
1079 895 1255 961 dicimus
1290 897 1408 962 uobis
1435 899 1476 961 iu

325 1020 509 1066 sermone
529 1000 693 1074 domini,
714 1001 983 1083 quoduosqui
1003 1002 1195 1080 uiuimus,
1217 1003 1281 1084 qui
1301 1021 1475 1068 remane·
1509 1027 1523 1068 s

325 1127 408 1172 mus
441 1108 480 1171 in
510 1106 727 1171 aduentum
762 1108 924 1186 domini,
954 1127 1028 1172 uon
1052 1110 1365 1191 praeueniemns
1395 1129 1474 1187 eos,

324 1214 392 1296 qui
427 1213 690 1294 dormierunt,
722 1215 909 1296 quoniam
942 1215 1030 1298 ipse
1064 1215 1249 1280 dominus
1283 1216 1320 1280 in
1355 1217 1473 1280 iussu

325 1324 365 1385 ot
397 1339 495 1386 uoce
528 1321 650 1386 tubae
684 1320 746 1384 dei
781 1320 1001 1385 descendet
1034 1321 1078 1385 de
1103 1322 1227 1402 caelo,
1253 1325 1292 1387 et
1322 1323 1474 1387 mortui

324 1427 361 1490 in
389 1427 555 1494 Christo
578 1430 798 1510 resurgent
821 1427 958 1511 primi:
984 1428 1133 1492 dehinc
1157 1447 1227 1492 nos
1252 1448 1338 1493 oum
1366 1429 1473 1512 ipsis

326 1534 449 1598 simul
491 1534 696 1616 rapiemur
736 1534 775 1597 in
816 1534 994 1599 nubibus
1038 1535 1200 1600 obuiam
1233 1534 1401 1600 Christo
1435 1538 1474 1599 et
1494 1561 1522 1600 ro

326 1641 386 1704 ita
410 1659 567 1724 semper
591 1661 673 1705 curn
700 1640 860 1705 domino
885 1641 1044 1705 erimus.

370 1749 424 1814 42.
449 1749 571 1812 Horum
592 1747 841 1812 demutationem
861 1747 900 1811 sd
919 1748 1043 1828 (omnes
1062 1748 1094 1812 in
1109 1749 1210 1830 prima
1225 1748 1280 1832 ad)
1295 1748 1474 1814 Corinthios

324 1854 429 1920 reddit
461 1854 584 1919 dicens:
618 1873 687 1918 non
723 1873 850 1918 omnes
883 1853 1033 1935 quidem
1065 1873 1317 1940 resurgemus,
1346 1874 1472 1919 omues

327 1965 451 2025 autem
476 1961 766 2038 demutabimur,
794 1961 831 2024 iu
855 1964 990 2031 atomo.
1020 1961 1055 2025 iu
1085 1965 1342 2027 momentaneo
1370 1967 1473 2026 motu

326 2069 441 2132 oculi.
459 2067 494 2131 in
514 2067 725 2132 nouissima
745 2067 845 2131 tuha.
860 2067 930 2151 [sed
948 2067 997 2131 illi
1016 2068 1140 2132 scilicet
1160 2067 1230 2144 soli,
1245 2068 1301 2150 qui
1315 2069 1473 2132 inuenian-
1494 2091 1522 2132 rs

327 2175 432 2238 turin
458 2193 564 2239 carne:
590 2174 801 2250 etmortui,
830 2174 947 2256 inquit,
974 2181 1188 2259 resurgent,
1216 2193 1283 2239 nos
1311 2175 1474 2239 demuta-

326 2277 471 2369 bimur]
514 2279 574 2345 hac
607 2298 681 2364 ergo
714 2281 803 2362 prius
836 2280 995 2362 positione
1031 2285 1198 2363 perspecta
1232 2282 1355 2364 reliqua
1384 2300 1475 2346 reuo-

327 2387 414 2452 cabis
457 2388 496 2451 ad
538 2387 731 2470 superiorem
776 2405 916 2450 sensnm.
956 2405 1028 2450 nam
1067 2407 1140 2452 curn
1176 2387 1287 2452 adicit:
1325 2391 1476 2470 oportet

327 2493 465 2557 etenim
500 2493 764 2575 corruptiuum
798 2491 903 2557 istud
932 2492 1087 2557 inducre
1115 2493 1410 2576 incorruptelam
1439 2498 1476 2557 et

326 2601 485 2663 mortale
517 2599 622 2664 istud
655 2598 809 2664 induere
841 2600 1168 2676 inmortalitatem,
1206 2600 1267 2665 hoo
1303 2600 1363 2664 erit
1394 2599 1522 2664 illudas

327 2705 523 2771 domicilium
552 2706 591 2769 de
620 2707 717 2781 caelo,
748 2704 832 2788 quod
861 2709 1024 2789 gementes
1057 2707 1089 2770 in
1123 2707 1182 2771 hao
1216 2725 1307 2770 earne
1335 2707 1476 2789 superiu-

327 2811 422 2877 duere
443 2812 669 2886 desideramus,
684 2812 796 2896 utique
817 2831 913 2894 super
932 2833 1057 2877 carnem
1071 2814 1103 2876 iu
1120 2833 1182 2895 qus
1196 2813 1474 2896 deprehendemur.

327 2919 401 3000 quia
419 2919 555 3004 ‘grauari
574 2926 642 2984 uos¹
662 2920 717 2996 ait,
738 2919 802 3001 ‘qui
824 2921 925 2984 simus
944 2921 976 2984 iu
996 2921 1209 2986 tahemaoulo.
1230 2919 1313 3001 quod
1337 2920 1475 2984 nolimus

415 3041 442 3112 4]
457 3041 471 3095 1
485 3041 579 3095 areas.
599 3043 624 3110 4,
641 3041 754 3095 15-17.
811 3041 854 3111 13]
870 3041 884 3094 1
898 3041 958 3097 cor.
975 3042 1017 3103 15,
1033 3043 1148 3096 51-52.
1207 3043 1251 3115 rs]
1265 3041 1279 3094 1
1294 3041 1353 3096 eor.
1375 3043 1418 3108 15,
1433 3040 1476 3095 aa.

327 3129 373 3200 aa]
395 3131 426 3184 cr.
448 3131 474 3184 11
494 3131 553 3185 cor.
574 3133 598 3192 c,
618 3133 642 3184 4.

363 3235 545 3289 daduentum
561 3237 704 3292 oehlerus:
723 3237 843 3290 aduentu
858 3237 948 3289 PMF
1001 3237 1148 3290 liniussu
1162 3241 1191 3290 et
1203 3253 1255 3291 om.
1273 3236 1324 3291 Gel
1378 3237 1474 3291 8uoca

327 3325 409 3379 tubae
423 3326 489 3380 ΜΓ
504 3327 562 3392 (sed
580 3329 614 3396 os.
626 3345 656 3394 p.
674 3329 789 3395 59,14),
809 3327 838 3380 in
859 3343 923 3380 uoce
943 3327 1035 3394 angeli
1055 3326 1222 3394 (archangeli
1240 3326 1301 3392 θεῖ)
1321 3330 1349 3380 et
1367 3325 1475 3379 intuba

328 3415 463 3484 Preliqui
535 3416 683 3470 descendet
700 3415 742 3478 M,
763 3415 904 3468 descendit
921 3415 977 3468 PF
1029 3415 1063 3468 10
1081 3415 1230 3470 simulem.
1249 3415 1370 3482 P(add.
1394 3415 1421 3470 R
1443 3430 1475 3466 a

327 3505 534 3573 Hirsaupiensa')
586 3506 617 3559 11
636 3504 736 3556 christo
746 3503 843 3572 PMF,
860 3503 968 3557 domino
983 3503 1010 3556 in
1023 3520 1087 3557 aera
1102 3503 1184 3572 Otos.
1195 3521 1217 3558 o.
1232 3507 1283 3566 24)
1336 3505 1369 3557 12
1382 3517 1474 3556 omues

327 3593 355 3646 in
377 3595 465 3663 prima
488 3593 522 3646 sd
551 3593 651 3646 addidi
711 3592 743 3645 13
760 3593 855 3662 <n0u>
872 3609 964 3645 omnes
983 3594 1095 3660 smirci:
1113 3609 1204 3645 omnes
1223 3591 1315 3646 PMF
1384 3608 1474 3645 omues

328 3687 419 3736 autem
438 3681 550 3749 scripsi:
574 3699 626 3736 non
651 3687 740 3735 autem
764 3699 856 3747 omues
875 3681 966 3736 PMF
1018 3683 1051 3735 15
1070 3681 1118 3735 sed
1138 3680 1419 3735 illi-demutabimur
1434 3697 1474 3736 se-

328 3773 413 3826 clusi:
437 3777 523 3826 totum
541 3771 614 3824 hunc
634 3771 722 3824 locum
746 3773 778 3824 oh
803 3789 864 3824 eom
885 3789 941 3824 rem
960 3771 1084 3826 consulto
1103 3776 1128 3824 st
1147 3771 1330 3839 deprecatam
1348 3775 1374 3824 et
1391 3771 1473 3823 inter·

324 3860 453 3930 prolatum
473 3876 535 3929 csse,
555 3861 621 3928 puis
640 3877 711 3929 quae
735 3861 926 3928 offerebantur
943 3861 1029 3913 uerbo
1053 3861 1172 3928 aposloli
1194 3877 1252 3914 non
1270 3860 1476 3914 concordabant

329 3965 389 4002 cum
409 3947 545 4016 Vulpatoe
563 3949 725 4017 recensione,
745 3966 778 4003 ss
796 3950 835 4003 sis
853 3949 978 4018 copaosca'
996 3949 1065 4017 licet,
1085 3965 1156 4017 quae
1172 3949 1252 4017 insro
1266 3966 1297 4017 p.
1316 3949 1364 4005 87,
1387 3951 1474 4015 quq.

329 4037 457 4106 deputatur
513 4040 544 4090 16
559 4045 701 4107 resurgent
719 4037 885 4106 <primi,et>
902 4055 950 4089 nos
963 4037 1014 4090 Gel
1068 4037 1101 4090 17
1117 4035 1360 4106 hacP,haecMF
1427 4051 1475 4105 po·

328 4127 428 4180 sitione
456 4125 550 4184 PMF.
580 4127 758 4196 dispositione
789 4127 841 4180 Gel
913 4131 1055 4196 perspecta
1080 4125 1192 4193 scripsi:
1219 4132 1362 4196 prospecta
1389 4121 1480 4178 1²an

332 4217 363 4269 19
379 4215 478 4268 etenim
494 4215 588 4285 PMF,
605 4215 674 4269 enim
689 4216 807 4284 Ruulpo
882 4219 1035 4284 corruptum
1051 4215 1077 4268 R
1126 4216 1158 4268 21
1175 4213 1366 4285 superinduere
1381 4211 1475 4280 PMF,

329 4301 485 4372 superindui
507 4303 530 4357 0
582 4303 616 4356 23
636 4303 752 4357 nolimus
771 4303 839 4371 PM,
859 4303 985 4356 uolumus
1005 4303 1035 4356 F
