3250 4959
476 352 536 406 VlI.
555 351 722 406 Aduersus
741 353 940 408 Marcionem
959 355 1006 409 lib.
1027 355 1049 408 V
1069 357 1095 410 9.
1298 361 1364 426 603

217 547 372 612 emittet
403 545 575 612 dominus
610 565 651 611 ex
684 545 775 612 Sion
810 551 848 612 et
879 547 1135 615 dominabitur
1171 550 1206 616 in
1241 552 1362 618 medio

218 653 455 717 inimicorum
487 657 637 718 tuorum
671 657 803 718 tecum.
842 654 898 719 sed
929 673 1060 720 necesse
1097 660 1147 722 est
1184 657 1224 722 ad
1258 678 1363 725 meam

218 759 407 824 sententiam
434 760 589 841 pertinere
614 759 780 826 defendam
804 780 857 826 eas
881 761 1065 844 scripturas,
1095 782 1173 845 quas
1197 768 1231 829 et
1252 765 1363 830 ludaei

214 866 307 931 nohis
344 885 476 930 auocare
514 871 675 934 conantur.
713 867 825 933 dicunt
857 867 991 950 denique
1023 869 1107 935 huno
1139 873 1300 954 psalmum
1330 872 1363 937 in

180 972 382 1038 shlzechiam
416 973 580 1052 cecinisse,
613 975 687 1056 quia
718 973 746 1038 is
779 975 899 1040 sederit
930 974 971 1038 ad
1004 975 1162 1042 dexteram
1191 979 1304 1061 templi
1330 983 1363 1044 et

213 1081 324 1144 hostes
348 1080 416 1144 eius
441 1081 591 1144 auerterit
615 1081 693 1145 deus
718 1084 750 1145 et
773 1081 1001 1164 absumpserit3
1026 1086 1193 1165 propterea
1210 1084 1312 1168 igitur
1330 1089 1364 1149 et

216 1189 335 1250 cetera:
361 1189 445 1250 ante
470 1187 673 1251 luciferum
698 1205 739 1251 ex
762 1192 868 1254 utero
889 1189 1067 1272 generaui
1085 1191 1123 1252 te
1142 1190 1174 1254 in
1193 1190 1361 1255 Ezechiam

215 1294 384 1358 conuenire
413 1295 445 1356 et
471 1292 503 1356 in
532 1293 685 1358 Ezechiae
713 1294 927 1360 natiuitatem.
959 1313 1017 1359 nos
1046 1295 1170 1360 edimus
1195 1296 1362 1381 euangelia

214 1433 258 1450 --
287 1399 325 1463 de
353 1417 487 1480 quorum
514 1398 576 1462 fide
604 1399 726 1482 aliquid
754 1399 866 1483 utique
892 1401 956 1464 iam
985 1401 1017 1465 in
1043 1405 1135 1466 tanto
1164 1422 1257 1484 opere
1279 1403 1361 1471 istos

167 1529 196 1569 ιο
214 1505 418 1570 confirmasse
441 1505 593 1570 debemus
617 1543 660 1552 -
683 1509 837 1570 nocturna
859 1507 1026 1572 natiuitate
1049 1507 1240 1574 declarantia
1263 1508 1362 1574 domi·

213 1631 302 1689 num,
326 1615 364 1676 ut
384 1612 445 1677 hoo
469 1611 512 1676 sit
534 1616 617 1676 ‘ante
640 1612 832 1688 luciferum,
856 1618 943 1678 etex
964 1614 1179 1698 stellamagis
1198 1615 1361 1682 intellecta

214 1720 247 1781 et
279 1737 313 1781 ex
344 1713 529 1782 testimonio
568 1718 681 1802 angeli,
719 1719 774 1800 qui
811 1722 904 1783 nocte
940 1719 1124 1800 pastoribus
1161 1720 1362 1786 adnuntiauit

213 1828 323 1888 natum
357 1844 427 1889 esse
460 1843 532 1888 oum
566 1825 702 1889 maxime
731 1825 905 1902 Christum,
939 1829 971 1890 et
1003 1846 1039 1890 ex
1070 1827 1141 1891 loco
1170 1830 1293 1910 partum
1327 1828 1359 1892 in

215 1931 425 1996 diuersorium
448 1931 532 1995 enim
556 1931 597 1995 ad
614 1936 739 1995 noctem
759 1931 955 1997 contenitur.
979 1934 1156 1997 fortassean
1175 1937 1208 1996 et
1224 1934 1360 2015 mystice

168 2061 197 2102 rs
215 2038 336 2102 factum
360 2039 411 2116 sit,
437 2042 474 2102 ut
495 2041 589 2102 uoote
609 2037 755 2104 Christus
780 2042 971 2116 nasceretur,
995 2040 1049 2104 lux
1068 2039 1213 2104 ueritatis
1231 2039 1360 2108 loturus

214 2143 408 2228 ignorantiae
440 2144 589 2210 tenebris.
627 2144 682 2208 sed
714 2163 772 2209 nec
809 2145 986 2228 generaui
1029 2149 1066 2209 te
1101 2144 1235 2210 dixisset
1270 2146 1360 2225 dens,

214 2249 277 2313 nisi
298 2250 364 2315 filio
383 2269 469 2314 uero.
494 2270 567 2316 nam
588 2250 648 2315 etsi
668 2249 706 2314 de
725 2253 794 2315 toto
813 2251 932 2334 populo
952 2251 1011 2315 ait:
1036 2249 1144 2315 lilios
1168 2253 1359 2335 gondradi,

215 2357 272 2420 sed
285 2375 346 2422 non
360 2357 472 2423 adicit:
497 2377 536 2422 ex
557 2363 673 2423 utero.
695 2377 750 2422 cur
765 2361 871 2423 autem
887 2358 1018 2424 adiecit:
1043 2378 1085 2423 ex
1102 2363 1210 2424 utero
1230 2396 1274 2406 -
1293 2363 1359 2424 tam

213 2483 303 2542 uaue,
337 2465 428 2547 quasi
457 2465 556 2548 aliqui
584 2464 748 2529 hominum
778 2484 814 2529 ex
841 2469 932 2531 utero
960 2470 1054 2530 natus
1084 2465 1292 2541 dubitaretur,
1314 2503 1358 2514 —-

165 2571 274 2636 anisi
306 2571 381 2653 quia
413 2571 571 2636 curiosius
605 2571 710 2635 uoluit
741 2570 887 2655 intellegi
914 2571 947 2635 in
972 2571 1149 2637 Christum:
1183 2592 1223 2636 ex
1252 2576 1357 2639 utero

213 2679 391 2759 generaui
419 2680 466 2758 te,
499 2677 534 2742 id
561 2681 612 2742 est
640 2696 675 2740 ex
704 2677 773 2742 solo
798 2682 901 2752 utero,
935 2678 1003 2742 sine
1025 2678 1088 2741 uiri
1112 2679 1242 2755 semine,
1276 2679 1360 2744 carni

211 2783 365 2866 deputans
388 2783 505 2867 (quod)
528 2803 564 2848 ex
587 2786 687 2858 utero,
712 2783 838 2866 spiritui
863 2783 947 2865 quod
972 2802 1007 2845 ex
1026 2783 1120 2866 ipso?
1143 2783 1195 2848 his
1219 2785 1357 2850 accedit:

211 2895 252 2954 tu
275 2909 314 2955 es
339 2891 516 2956 sacerdos
541 2891 576 2953 in
598 2908 737 2954 aeuum.
761 2907 819 2954 nec
838 2888 986 2954 sacerdos
1006 2893 1111 2953 autem
1130 2890 1282 2955 Ezechias
1300 2911 1358 2956 nec

209 2996 241 3062 in
261 3017 385 3075 aeuum,
405 2999 466 3063 etsi
484 2998 609 3063 fuisset.
635 2996 838 3061 secundum
863 2995 1039 3074 ordinem,
1062 2997 1177 3079 inquit,
1201 2997 1358 3063 Melchi-

163 3127 192 3167 re
211 3104 329 3170 sedeo.
354 3105 431 3187 quid
453 3103 604 3169 Ezechias
625 3103 664 3167 ad
682 3102 908 3180 Melchisedec,
929 3103 1080 3168 altissimi
1104 3103 1301 3168 sacerdotem
1327 3109 1359 3168 et

210 3211 336 3293 quidem
372 3232 432 3277 non
471 3210 704 3287 circumcisum,
743 3209 798 3292 qui
830 3209 990 3274 Abraham
1027 3209 1253 3274 circumcisum
1289 3211 1353 3274 iam

297 3353 325 3421 4]
341 3351 374 3406 ci.
389 3353 432 3407 lla.
447 3353 490 3415 37,
508 3352 625 3416 14-20;
642 3350 982 3420 37·-38.1111Reg.cap.
1000 3351 1113 3404 18-19.
1150 3351 1178 3419 t]
1194 3351 1238 3407 Pa.
1254 3350 1315 3413 109,
1330 3351 1356 3408 3.

210 3443 253 3512 11]
273 3443 305 3497 cl.
324 3442 422 3495 Matth.
442 3442 466 3502 2,
486 3442 511 3494 2.
533 3441 574 3495 10.
668 3441 710 3510 12]
731 3441 764 3494 cl.
784 3439 850 3494 Luc.
869 3442 894 3508 2,
916 3441 958 3494 10.
978 3440 1003 3492 8.
1087 3439 1129 3508 13]
1150 3439 1182 3492 cf.
1202 3439 1266 3495 Luc.
1286 3441 1311 3501 2,
1331 3440 1357 3495 7.

210 3531 253 3600 17]
273 3532 316 3584 lta.
338 3533 361 3594 1,
380 3530 405 3583 2.
461 3530 640 3599 23-241Ps.
662 3531 721 3591 109,
741 3531 766 3583 4.
822 3530 869 3598 26]
890 3529 924 3585 cl.
944 3527 1012 3584 Gen.
1032 3529 1075 3590 14,
1098 3528 1211 3582 18-19.

243 3636 257 3690 1
279 3637 461 3691 dominaberis
479 3637 552 3690 Pom
642 3637 658 3689 2
676 3640 765 3690 tecum
783 3639 833 3703 (et
851 3637 970 3702 cetera>
987 3633 1035 3689 sed
1054 3635 1126 3688 Pom
1216 3636 1232 3687 5
1251 3634 1315 3704 quia
1333 3634 1357 3686 is

207 3726 368 3790 sedenim,
389 3727 437 3796 qui
455 3728 495 3780 ait
514 3726 586 3780 sedit
599 3725 681 3784 Mhi
702 3727 765 3796 qnia
782 3726 816 3786 ir,
836 3727 922 3780 aiunt.
942 3725 1014 3778 sedit
1028 3724 1100 3777 Pam
1149 3725 1166 3777 8
1185 3725 1212 3777 in
1226 3723 1274 3790 12³,
1293 3725 1357 3777 anto

206 3816 288 3884 Mle,
307 3818 379 3870 ‘ante
395 3815 565 3883 <luciferum
585 3817 634 3883 iu>
643 3818 714 3883 fort.
735 3816 781 3883 (cs.
798 3816 816 3869 l.
830 3816 881 3884 11),
897 3814 1021 3882 defendit
1039 3830 1109 3880 quoe
1127 3813 1280 3868 moriuntur
1292 3813 1357 3882 Eng

207 3906 291 3977 (auch
308 3921 358 3959 cor
376 3905 424 3959 der
444 3905 549 3959 Geburt
567 3904 614 3958 dee
628 3904 770 3967 Ezechiae,
789 3904 857 3972 quia
874 3903 979 3958 scilicet
995 3902 1127 3970 scriptam
1144 3902 1182 3955 eit
1200 3903 1357 3970 generati,

205 4009 264 4048 reon
282 3993 446 4063 ‘generabo')
501 3993 535 4046 16
553 3992 668 4046 dixisset
684 3991 732 4055 12³,
752 3991 883 4045 edixisset
899 3989 974 4045 Mle
1041 3990 1072 4043 l‘l
1092 4007 1156 4044 uero
1174 3989 1355 4044 Giacconiua:

206 4099 289 4154 puero
307 4081 369 4136 MR
428 4083 462 4135 22
478 4080 592 4151 (quod)
610 4096 641 4134 ex
659 4083 737 4134 utero
755 4080 868 4148 scripsi:
886 4096 917 4134 ex
935 4084 1013 4133 utero
1031 4077 1094 4132 MR
1156 4078 1265 4147 spiritui
1284 4077 1357 4147 quod

208 4187 239 4225 ex
251 4173 320 4242 ipso.
334 4171 377 4224 his
391 4170 497 4225 accedit
508 4171 621 4239 seipsi.-
634 4169 756 4240 spiritns.
771 4169 845 4238 quod
858 4173 887 4223 et
900 4169 961 4238 ipso
976 4167 1020 4221 hic
1034 4165 1220 4232 acceditMR,
1235 4167 1356 4236 spiritua·

208 4259 280 4330 quod
298 4263 327 4314 et
343 4260 411 4328 <in>
428 4259 488 4329 ipso
507 4259 552 4312 hic
570 4258 677 4314 accedit
694 4258 767 4312 Pam
