3250 4959
359 392 424 454 320
607 387 723 452 Quinti
743 389 882 457 Septimi
902 389 1069 442 Florentia
1089 389 1290 442 Tertulliani

359 582 436 664 quid
464 583 546 646 enim
575 592 639 646 tam
669 583 843 665 malignum
875 604 967 665 qnam
997 587 1080 648 nolle
1109 583 1258 666 prodesse
1288 604 1360 648 cum
1390 586 1513 667 possis,

358 709 453 771 quarn
469 691 640 753 utilitatem
657 692 805 765 cruciare,
828 712 921 772 quam
939 693 1082 755 iniuriam
1105 693 1228 756 sinere?
1248 694 1352 756 totum
1373 692 1512 772 denique

359 797 509 861 creatoris
547 798 686 881 elogium
723 799 753 860 in
793 799 883 861 illum
917 798 1115 873 rescribetur,
1155 799 1208 880 qui
1246 799 1399 862 saeuitiae
1436 799 1511 860 eius

359 904 511 968 bonitatis
540 923 616 967 suae
644 925 733 968 mora
762 907 854 968 inuit.
892 927 963 968 nam
993 908 1024 967 in
1054 905 1144 968 euius
1174 925 1269 968 manu
1294 911 1345 968 est
1368 905 1444 987 quid
1472 926 1511 967 ne

359 1012 424 1089 fiat,
450 1013 517 1076 eius
537 1013 601 1076 iam
625 1012 805 1092 deputatur,
832 1033 905 1075 enm
928 1013 971 1078 fit.
1007 1013 1100 1076 homo
1126 1013 1291 1075 damnatur
1314 1013 1345 1074 in
1371 1017 1509 1075 mortem
1543 1037 1554 1074 a

359 1119 398 1183 ob
417 1119 512 1182 unius
537 1120 726 1182 arbusculae
750 1120 984 1195 delibationem,
1010 1125 1041 1182 et
1065 1119 1172 1181 exinde
1197 1119 1367 1198 proficiunt
1391 1119 1511 1182 delicta

359 1245 430 1288 cum
454 1225 563 1305 poenis
592 1230 624 1287 et
646 1232 779 1306 pereunt
801 1226 863 1288 iam
890 1245 1009 1298 omnes,
1039 1226 1092 1306 qui
1117 1225 1251 1307 paradisi
1284 1225 1409 1289 nullum
1438 1246 1509 1288 eae-

287 1366 291 1373 >
359 1331 477 1413 spitem
491 1334 616 1393 norunt.
635 1336 668 1393 et
682 1331 742 1394 boc
757 1331 870 1394 melior
884 1331 980 1412 aliqui
998 1331 1075 1394 deus
1092 1335 1146 1394 aut
1160 1332 1263 1395 nescit
1277 1336 1334 1394 aut
1348 1333 1508 1395 sustinet?

360 1438 387 1502 si
402 1441 439 1500 ut
452 1456 488 1499 ex
502 1437 562 1500 boc
572 1437 900 1513 meliorinueniretur,
917 1443 1034 1518 quanto
1047 1443 1167 1501 creator
1177 1437 1314 1502 deterior
1328 1438 1508 1502 haberetur.

359 1543 438 1606 satis
455 1548 486 1605 et
499 1543 530 1604 in
547 1543 609 1606 isto
625 1543 757 1606 consilio
773 1544 964 1620 malitiosae,
985 1545 1039 1626 qni
1054 1549 1085 1606 et
1099 1544 1189 1607 illurn
1208 1545 1314 1607 uoluit
1332 1549 1507 1608 oneratum.
1528 1573 1549 1606 a·
1611 1543 1612 1634 l

361 1648 596 1730 operationibus
617 1649 685 1712 eius
705 1650 866 1724 admissio,
891 1653 923 1714 et
942 1651 1104 1714 saeculum
1124 1650 1153 1712 in
1175 1651 1341 1714 uexatione
1361 1650 1506 1713 detinuit.
1611 1647 1612 1732 l

361 1756 436 1838 quid
470 1755 507 1818 de
540 1756 597 1818 tali
629 1757 752 1819 medico
785 1756 952 1831 iudicabis,
991 1757 1045 1840 qui
1082 1758 1201 1820 nutriat
1236 1757 1383 1820 morbum
1421 1777 1506 1819 mora
1611 1741 1612 1790 l

360 1863 508 1944 praesidii
527 1867 560 1927 et
578 1864 755 1946 periculum
772 1865 919 1928 extendat
934 1865 1083 1928 dilatione
1098 1863 1239 1942 remedii,
1258 1882 1320 1945 quo
1336 1864 1505 1944 pretiosius
1611 1863 1612 1950 l

361 1974 416 2032 ant
438 1970 593 2033 famosius
619 1974 728 2034 curet?
761 1972 836 2034 talis
861 1975 892 2033 et
916 1973 946 2034 in
970 1970 1064 2033 deum
1089 1970 1260 2034 Marcionis
1285 1969 1418 2034 dicenda
1439 1989 1507 2032 sen·

359 2077 461 2139 tentia
483 2080 542 2152 est,
571 2077 647 2139 mali
670 2079 903 2159 permissorem,
933 2078 1064 2141 iniuriae
1089 2078 1255 2152 fautorem,
1280 2078 1401 2160 gratiae
1423 2077 1505 2140 leuo—
1525 2102 1545 2140 a
1611 2053 1612 2146 l

361 2183 544 2259 (aleatorem,
586 2184 791 2266 benignitatis
832 2186 1123 2266 praeuaricatorem,
1167 2203 1260 2264 quam
1301 2203 1360 2248 non
1398 2184 1504 2247 statim

362 2309 476 2352 causae
496 2309 571 2353 suae
592 2292 748 2366 exhibuit3
769 2292 859 2373 plane
876 2292 1083 2369 exhibiturus,
1099 2291 1127 2355 si
1146 2295 1257 2354 natura
1275 2291 1378 2357 bonus
1399 2298 1430 2354 et
1447 2310 1504 2353 nori

362 2397 554 2471 accessione,
584 2398 612 2460 si
639 2398 765 2482 ingenio
795 2399 936 2480 optimus
968 2403 999 2461 et
1027 2417 1086 2462 non
1112 2397 1288 2478 disciplina,
1313 2397 1341 2460 si
1366 2397 1405 2460 ab
1429 2415 1505 2460 aeuo
1611 2383 1612 2390 ἶ

363 2503 440 2566 deus
457 2507 489 2566 et
504 2523 564 2567 non
580 2503 743 2577 a'liberio,
760 2504 868 2580 immo,
880 2505 964 2585 quod
979 2503 1275 2570 uer·ins.aCerdone
1291 2509 1323 2567 et
1339 2503 1504 2568 Marcione.

408 2609 532 2672 'liberio
563 2629 644 2672 riano
672 2609 750 2672 deus
779 2611 833 2674 ille
872 2611 1076 2692 praestiterit,
1117 2613 1151 2673 ut
1187 2611 1319 2691 imperio
1354 2610 1423 2673 eius
1461 2609 1542 2670 dia
1611 2659 1612 2686 ,

364 2715 438 2779 uina
474 2716 598 2779 bonitas
632 2717 663 2779 in
697 2718 787 2779 terris
822 2717 1028 2788 dedicaretur,
1071 2719 1122 2779 23.
1156 2717 1250 2780 aliam
1283 2716 1331 2779 illi
1365 2715 1502 2798 regulam

363 2823 548 2904 praetendo:
583 2823 668 2886 sieut
695 2823 860 2899 naturalia.
893 2825 939 2886 ita
967 2823 1129 2886 rationalia
1159 2843 1229 2886 esse
1258 2823 1371 2885 debere
1395 2824 1425 2885 in
1451 2823 1505 2884 deo

365 2928 477 2992 omnia.
516 2930 605 3012 exigo
630 2930 782 2994 rationem
809 2929 971 3004 bonitatis,
1004 2930 1076 3008 quia
1100 2947 1156 2992 nec
1180 2929 1266 2992 aliud
1291 2927 1367 3010 quid
1392 2929 1504 2992 bonum

365 3034 471 3097 haberi
489 3035 595 3110 liceat,
620 3035 704 3116 quod
724 3055 784 3098 nou
804 3036 1000 3099 rationaliter
1023 3036 1138 3098 bonurn
1164 3035 1216 3103 ait.
1242 3034 1357 3098 nedum
1382 3041 1419 3098 ut
1441 3036 1505 3116 ipsa
1611 3109 1612 3114 ἵ

366 3140 488 3204 bonitas
507 3141 703 3204 inrationalis
724 3141 982 3222 deprehendatur.
1008 3141 1133 3204 facilius
1153 3141 1284 3220 malum
1309 3141 1360 3204 cui
1380 3139 1505 3204 rationis
1523 3162 1544 3200 s

364 3246 483 3328 aliquid
508 3247 653 3322 adiuerit,
682 3267 737 3329 pro
763 3248 844 3310 bono
875 3248 1044 3309 habebitur
1068 3265 1159 3327 eiiam
1187 3251 1223 3310 nt
1246 3248 1364 3310 bonum
1388 3249 1505 3309 rationo

365 3353 524 3418 desertum
546 3373 605 3416 non
631 3373 684 3436 pro
710 3354 792 3416 malo
818 3354 984 3416 indicetur.
1023 3373 1102 3432 nego
1128 3354 1310 3417 rationalem
1337 3354 1505 3416 bonitatem
1611 3365 1612 3406 l

365 3461 415 3524 dei
444 3461 614 3524 Marcionis
642 3461 706 3523 iam
736 3463 794 3523 boe
825 3463 936 3541 primo.
970 3461 1054 3541 quod
1086 3461 1115 3522 in
1151 3461 1287 3523 salutem
1320 3457 1505 3541 processerit

365 3568 501 3632 bominis
531 3567 635 3630 alieni.
675 3569 740 3629 scio
771 3567 912 3630 dicturos
947 3569 1054 3647 atqiiin
1088 3567 1167 3630 banc
1201 3587 1270 3630 esse
1303 3566 1505 3648 principalem

400 3743 574 3796 'lutilitatem
586 3745 703 3796 cruciare
711 3745 745 3795 M
749 3745 779 3810 F,
792 3746 911 3798 utilitate
924 3747 1034 3796 eruciari
1047 3745 1071 3798 lt
1108 3748 1123 3798 d
1135 3743 1355 3812 proliciuntrllF,
1366 3742 1507 3810 prosiliunt

366 3833 392 3886 R
441 3835 457 3885 9
467 3835 489 3884 si
500 3837 531 3884 ut
541 3832 576 3884 J!
577 3833 622 3894 12³,
633 3833 703 3886 sicut
712 3833 751 3886 12¹
805 3835 958 3898 habentur.
970 3836 1035 3887 saris
1047 3851 1099 3886 ran
1112 3834 1160 3886 der·
1173 3834 1260 3886 l'liet:
1270 3831 1433 3885 baberetur?
1443 3829 1504 3883 saris

366 3922 448 3989 rudae
487 3923 809 3991 losatisestsaspssnp
865 3927 1002 3974 oneratum
1016 3923 1050 3976 R.
1065 3924 1223 3975 honeratam
1235 3921 1299 3974 ..llll
1335 3919 1505 3978 lladmissis,

366 4017 394 4062 et
404 4010 487 4062 Pam:
498 4011 651 4063 admisisset
661 4011 743 4080 MR¹,
754 4013 864 4064 admissi
878 4020 905 4064 et
920 4014 958 4065 Ra
1011 4014 1041 4064 lo
1057 4017 1275 4080 praeuacatorenr
1290 4011 1325 4061 M
1364 4011 1394 4062 li
1410 4006 1504 4060 exhibi-

366 4113 450 4160 aurus,
461 4104 484 4151 si
494 4105 591 4152 natura
601 4101 695 4154 bonus.
708 4101 943 4153 exhibiturusrllit
979 4103 1010 4154 21
1025 4102 1117 4152 iliaina
1127 4100 1235 4152 bonitas
1244 4099 1272 4151 in
1283 4100 1363 4151 terris
1373 4097 1408 4163 R,
1418 4096 1505 4148 diuina

367 4189 393 4239 iu
408 4190 487 4241 terris
502 4189 609 4241 bonitas
624 4190 657 4241 M
712 4190 890 4242 dedicaretur.
906 4191 985 4242 aliam
1003 4191 1097 4256 italae:
1110 4189 1180 4241 sillia
1195 4189 1343 4256 infeliciter
1355 4187 1400 4239 bie
1413 4185 1505 4238 distin·

363 4283 489 4345 parcatur
502 4277 595 4343 capita
632 4278 666 4329 ⁶22
676 4278 716 4329 ita
730 4279 873 4330 rationalia
884 4277 953 4346 MR,
964 4279 1098 4330 naturalia
1107 4277 1138 4330 1¹*
1180 4293 1239 4330 esse
1253 4275 1352 4330 debere
1361 4273 1403 4340 M,
1417 4268 1505 4326 esseR
