3250 4959
644 399 865 457 Preeletio.
1220 402 1327 467 XXXI

173 598 290 666 melius
311 598 355 663 sit
373 596 549 674 inimicum,
565 596 714 663 effectum
735 598 793 675 est,
814 598 851 659 ul
868 614 994 679 perraro
1013 594 1133 679 ingenii
1148 594 1329 661 Oehlerieni

174 706 307 775 iuuenta
327 703 435 771 uerbis
458 701 624 769 inserenda
643 699 905 788 censuariorum)
924 700 1127 785 quinimmo,
1147 720 1208 785 quo
1226 700 1329 772 rarius

174 812 268 879 illum
292 809 445 895 prodesse
466 808 561 875 uideo
590 828 651 875 non
680 806 760 875 satis
788 807 957 875 emendato
981 808 1116 895 auctori,
1139 827 1175 875 eo
1200 808 1329 895 saepius

175 920 291 987 ohesse
324 934 398 983 eum
431 914 629 999 deprehendo
663 914 700 979 ab
735 914 806 979 eliis
834 914 898 981 iem
925 914 958 980 in
985 915 1144 1001 integrum
1167 915 1328 983 restituto.

174 1026 328 1111 relegetis
362 1022 445 1089 enim
476 1022 664 1105 saepissime
691 1021 724 1087 iu
748 1023 840 1086 notes
864 1020 1000 1089 aliorum
1022 1022 1202 1092 uerissimis
1226 1040 1330 1089 emen-

175 1130 371 1211 ustionibus,
404 1129 437 1199 iu
468 1129 586 1212 quibus
619 1128 776 1211 imprimis
809 1128 937 1194 nomino
971 1127 1168 1215 Scaligerum
1200 1129 1327 1195 Iunium

178 1238 343 1316 Hminem,
367 1239 425 1303 aut
445 1235 599 1302 librorum
624 1235 820 1318 corruptelas
849 1237 907 1299 aut
933 1236 985 1301 sui
1007 1235 1128 1321 ingenii
1151 1238 1331 1301 commenta

174 1345 373 1413 substituere
400 1341 496 1409 audet
523 1342 577 1409 uel
605 1342 710 1407 minus
738 1341 917 1425 prohabilie
947 1341 1002 1409 uel
1029 1344 1138 1427 aperie
1168 1343 1261 1409 falsa.
1299 1348 1331 1407 et

175 1452 238 1519 heo
267 1449 397 1534 quidem
424 1450 566 1515 omnium
594 1447 729 1515 maxime
762 1448 907 1514 dedecori
940 1466 1011 1513 esse
1042 1452 1121 1533 puto
1153 1448 1330 1514 nouissimo

177 1558 301 1635 editori,
316 1558 430 1640 utpote
448 1555 503 1639 qui
521 1554 608 1619 nulle
627 1554 730 1639 magis
749 1573 781 1621 re
802 1552 978 1624 ostenderit
995 1574 1030 1619 se
1049 1554 1192 1638 suscepti
1210 1554 1331 1639 negotii

176 1663 424 1733 difficultatibus
448 1680 509 1730 eon
534 1662 613 1727 satis
638 1680 708 1726 esse
731 1679 848 1744 parem.

223 1770 388 1855 Superest,
410 1770 448 1833 ut
471 1766 509 1837 de
533 1767 594 1833 hec
617 1784 689 1833 mes
706 1767 890 1833 recensione
908 1784 1011 1851 peuce
1028 1766 1154 1831 addam.
1173 1785 1235 1850 que
1254 1765 1331 1849 quid

175 1875 390 1961 praestiterim
422 1874 559 1941 eliorum
592 1892 665 1939 oum
698 1874 742 1940 sit
772 1873 925 1952 indicare,
958 1892 1017 1958 ego
1046 1892 1142 1956 quam
1168 1873 1200 1939 in
1227 1892 1331 1941 receu-

176 1984 278 2050 sendo
300 1981 456 2049 rationem
480 1981 541 2047 sim
566 1984 698 2049 secutus
721 1980 862 2048 breuiter
883 1980 948 2047 iem
976 1999 1140 2066 erponem,
1166 1979 1331 2064 pollicitus

174 2092 240 2157 inm
273 2089 326 2155 hio
357 2108 410 2155 ruo
442 2089 474 2155 in
502 2088 733 2173 epilegomenis
762 2087 941 2171 aliquando,
975 2106 1050 2155 oum
1081 2089 1185 2153 totum
1218 2086 1333 2153 edendi

177 2196 320 2263 auctoris
344 2194 510 2281 negotium
533 2194 718 2263 absolutum
743 2194 814 2274 erit,
839 2193 877 2260 de
905 2194 1041 2279 singulis
1069 2195 1255 2269 relaturum,
1279 2193 1333 2258 eui

178 2302 295 2383 officio,
319 2321 382 2385 quo
405 2301 509 2387 magis
532 2302 703 2369 immutate
724 2301 853 2367 uidetur
870 2301 921 2367 his
940 2301 1022 2368 meis
1042 2301 1125 2366 curis
1145 2300 1332 2369 Tertulliani

176 2410 334 2475 librorum
365 2408 474 2487 facies,
506 2428 544 2477 co
576 2409 683 2477 minus
715 2408 815 2476 uelim
848 2408 968 2475 deesse.
999 2427 1037 2473 ec
1069 2407 1107 2475 de
1139 2408 1332 2475 recensionis

177 2517 275 2583 huius
298 2514 526 2594 fundamentis,
550 2516 588 2582 ut
610 2514 762 2583 breuibus
786 2514 851 2580 iem
875 2515 1024 2600 colligam
1048 2534 1130 2599 quse
1153 2534 1249 2599 snpra
1267 2513 1332 2581 dis-

177 2622 274 2701 serui,
282 2623 359 2689 hoec
369 2621 434 2687 fere
445 2619 574 2689 sciendo
585 2623 662 2687 suut
670 2621 995 2705 legentibus:ducem
1006 2622 1332 2705 sequor‚ubioumqus

177 2732 304 2812 pressio
334 2730 396 2809 est,
422 2728 565 2796 codicem
593 2728 923 2812 Moniepessuleuum‚
949 2728 1136 2795 recentioris
1162 2728 1333 2795 memoriae

181 2840 220 2905 ut
242 2834 505 2919 antiquissimum
527 2835 574 2902 ite
597 2839 629 2901 et
652 2836 810 2917 optimum
833 2838 960 2901 testem.
989 2854 1063 2901 cum
1086 2854 1149 2920 quo
1172 2834 1333 2901 Paternia-

183 2942 287 3009 oensis
311 2941 409 3009 codex
433 2960 506 3007 curn
530 2941 570 3007 ed
592 2961 692 3008 unum
710 2942 812 3008 redire
830 2943 979 3009 uideatur
997 2943 1128 3021 fontem,
1146 2961 1209 3009 non
1226 2941 1333 3027 ipsum

183 3048 425 3117 Cluuieoeusem
456 3047 663 3133 archetypum
695 3048 752 3115 sed
784 3050 1003 3135 apographum
1035 3050 1114 3130 eius,
1146 3048 1222 3115 huic
1251 3049 1332 3115 libro

181 3154 267 3223 hunc
299 3154 506 3237 potissimum
543 3174 637 3220 usum
675 3153 902 3219 uindicandum
938 3160 1028 3237 puto,
1065 3158 1113 3234 ut,
1149 3155 1206 3221 ubi
1242 3154 1333 3221 adest

181 3260 497 3343 ldontepessulsnus‚
525 3261 602 3344 quid
629 3260 662 3326 in
690 3262 850 3327 communi
878 3260 965 3328 lonis
992 3261 1098 3338 luerit,
1115 3261 1334 3347 cognoscendi

227 3502 248 3571 ¹)
266 3502 317 3558 eni
335 3502 437 3557 iudicio
456 3518 515 3557 cunr
534 3501 667 3572 refregsri
685 3520 717 3557 ox
735 3505 815 3573 perte
833 3502 942 3559 uideem
959 3504 1028 3559 tomi
1047 3504 1129 3572 primi
1146 3503 1330 3558 recensionem

182 3591 441 3649 eBeifferscheidio
463 3591 621 3649 institutum
645 3592 690 3659 (ol.
709 3592 749 3649 H.
768 3592 878 3663 Hoppe,
901 3592 1014 3663 &ntae
1035 3592 1098 3648 send
1115 3592 1173 3647 Stil
1195 3593 1241 3646 des
1267 3593 1331 3646 Ter-

183 3681 289 3737 lulle'ors
304 3698 332 3755 p.
352 3680 391 3735 IV
410 3682 487 3749 not),
506 3684 597 3737 tenere
616 3698 670 3736 non
688 3698 798 3753 possum
817 3698 878 3735 meo
902 3682 1011 3752 quidem
1034 3681 1136 3736 indicio
1160 3682 1222 3752 plus
1244 3698 1332 3750 nequo

181 3771 324 3842 indulgere
353 3770 518 3827 coniectanti
537 3770 654 3827 Oehlero
672 3770 925 3826 Reifferscheidium
953 3771 1124 3840 multumque
1151 3787 1195 3825 mo
1223 3770 1256 3825 eh
1284 3770 1333 3825 illo

182 3858 336 3917 dissentire.
356 3877 387 3915 er
406 3875 438 3915 ee
457 3864 547 3915 autern
566 3878 603 3927 re,
623 3860 696 3932 qnod
713 3862 741 3915 in
761 3861 828 3915 solis
845 3860 923 3915 libris
944 3860 1078 3915 αᾶκονειιε
1090 3860 1219 3914 notiones
1232 3858 1333 3914 ducen-

181 3946 235 4001 ties
259 3947 442 4019 quinquagies
465 3946 508 4003 bis
532 3950 704 4004 conlecturos
727 3948 839 4004 Oehleri
862 3947 1119 4003 eReiffersoheidio
1143 3947 1335 4016 comprobatos

181 4038 252 4102 snut,
273 4051 306 4090 eo
324 4038 414 4091 minus
433 4036 564 4092 iudicium
582 4037 653 4091 ferre
671 4038 745 4106 licet,
765 4038 831 4107 quie
848 4054 897 4107 pro
915 4038 1017 4093 misere
1037 4037 1133 4093 horum
1156 4036 1286 4093 librorum
1304 4038 1335 4091 iu

183 4124 277 4181 codiee
299 4124 476 4196 Agohsrdino
505 4125 665 4183 condicione
692 4127 778 4182 multo
806 4128 915 4197 saepius
941 4127 1041 4183 hiulcis
1069 4144 1150 4196 quem
1178 4125 1334 4196 depredatis

182 4214 347 4271 Tertulliani
365 4214 457 4271 uerbis
475 4215 521 4270 hio
539 4213 668 4270 subueuit
687 4214 829 4278 oehlerus,
854 4232 908 4285 que
929 4215 1005 4271 inre
1025 4232 1078 4285 quo
1098 4215 1237 4271 difficilius
1255 4214 1333 4267 inue-

181 4304 256 4359 nitur
274 4320 368 4361 nerem
389 4320 420 4357 eo
440 4303 548 4358 lucilius
568 4304 700 4374 recipitur
717 4304 869 4375 probabile.
