3250 4959
297 404 362 470 492
528 401 646 468 Quinti
664 401 809 473 Septimi
826 400 1000 456 Florentia
1018 399 1225 455 Tertulliani

295 615 516 680 quoscumque
548 597 628 664 alios
661 596 823 663 uetuisset
849 595 962 662 audiri.
990 601 1046 662 aut
1074 593 1230 679 numquid
1256 593 1385 660 Fam
1412 599 1445 662 et

291 704 487 770 Hieremiam
512 706 710 787 ortamque,
733 721 814 786 quos
836 723 898 769 non
922 701 1073 783 ostendit,
1105 702 1253 786 permisit
1274 701 1389 780 audiri,
1416 701 1446 768 si

292 811 399 877 noterit
422 829 503 894 quos
526 809 688 876 ostendit?
711 828 796 876 nuno
815 812 849 876 et
866 810 1094 895 siprueseutiu
1108 809 1239 876 illorum
1256 809 1320 875 luit
1335 827 1446 878 neoee

294 916 387 995 saria,
406 935 470 982 nou
482 917 596 1000 utique
609 917 643 982 iu
658 915 828 1000 oonloquio
844 917 1095 996 ostenderentur,
1120 915 1206 1000 qnod
1219 915 1445 982 familiaritati·

292 1021 446 1090 indicium
480 1027 539 1102 est
571 1041 629 1089 nee
656 1023 689 1088 in
714 1023 875 1089 oonsortio
898 1023 1065 1102 eludatis,
1089 1022 1175 1106 quod
1197 1022 1391 1107 dignationis
1413 1024 1446 1088 et
1473 1043 1487 1082 ι

293 1131 412 1216 gratiae
436 1129 614 1214 exemplum
634 1133 694 1210 est,
713 1129 821 1196 sedin
839 1131 988 1197 sordibus
1006 1131 1179 1215 aliquibus,
1198 1131 1284 1215 quod
1301 1129 1445 1196 destruo·

292 1235 390 1301 tionis
414 1240 638 1322 argumentum
657 1239 716 1318 est,
736 1237 836 1304 immo
853 1238 887 1304 in
906 1239 1045 1304 mnatris
1065 1238 1226 1318 creatoris,
1245 1237 1364 1321 quibus
1382 1237 1445 1302 dis·

293 1342 453 1408 outisadis
475 1346 543 1408 erat
565 1343 697 1424 missus,
721 1344 816 1428 longe
840 1344 938 1410 etiam
960 1344 1092 1411 discret
1114 1344 1297 1410 eeleritate
1315 1343 1445 1424 Christi,

293 1449 349 1532 qui
365 1467 463 1516 uoces
478 1453 511 1516 et
528 1450 654 1516 litteras
671 1451 759 1535 ipsae
778 1470 889 1518 eorum
912 1451 951 1517 ab
971 1451 1138 1537 euangelio
1157 1469 1216 1518 suo
1234 1455 1304 1517 erat
1320 1469 1445 1536 separa

291 1559 392 1622 turus.
416 1557 496 1622 sieiu
520 1555 640 1624 alienos
665 1557 976 1638 demonstratiuae,
1005 1559 1081 1624 dum
1111 1577 1220 1624 seeum
1248 1558 1366 1625 habet?
1397 1560 1444 1624 sie
1462 1574 1486 1614 ι·

291 1662 515 1745 relinquendos
533 1663 626 1729 deest
643 1682 724 1746 quos
743 1663 806 1730 sibi
823 1665 951 1750 iungit?
971 1665 1019 1731 sio
1033 1665 1172 1732 destruit
1189 1683 1270 1749 quos
1288 1665 1328 1730 de
1346 1664 1444 1731 radiis

294 1768 362 1835 suis
385 1769 541 1835 exstruit?
560 1769 637 1853 qnid
654 1771 774 1837 faceret
793 1770 941 1838 Christus
959 1773 1125 1856 ipsorum?
1144 1771 1249 1851 oredo,
1268 1771 1444 1838 seeundum

292 1877 537 1960 peruersitatem
573 1878 655 1944 tales
693 1897 748 1944 eos
784 1879 971 1958 reuelasset,
1009 1878 1121 1962 quales
1154 1878 1300 1946 christus
1331 1877 1445 1945 Maroi-

292 1981 361 2049 onis
377 1983 553 2062 debuisset,
573 1987 629 2050 aut
648 2003 867 2069 quoscumque
884 1985 967 2052 alios
986 2003 1094 2051 seeum
1109 1985 1333 2070 (ostendisset)
1349 2005 1445 2069 quam

292 2090 463 2172 prophotas
491 2109 576 2156 suos
600 2090 658 2156 sed
685 2089 762 2174 quid
788 2093 855 2155 tam
883 2090 1003 2158 Christi
1030 2091 1181 2157 oreatoris
1210 2109 1306 2174 quam
1331 2111 1443 2158 seeum
1461 2109 1489 2152 a

293 2197 459 2262 ostendere
476 2196 712 2281 praedicatores
730 2200 827 2262 suos?
846 2216 920 2264 oum
938 2198 1007 2264 illis
1028 2198 1141 2278 uideri,
1165 2198 1283 2283 quibus
1304 2198 1338 2264 iu
1355 2216 1444 2264 reue

291 2302 466 2369 latioribus
489 2307 557 2369 erat
578 2303 692 2370 uisus?
716 2321 790 2370 eum
808 2304 875 2370 illis
892 2305 992 2389 loqui,
1013 2305 1068 2388 qui
1086 2323 1160 2370 eum
1177 2305 1306 2371 fumant
1320 2305 1443 2372 looutii

295 2426 368 2473 oum
391 2409 437 2474 eis
462 2410 597 2494 gloriam
620 2430 711 2478 suam
735 2412 979 2492 communicare,
1012 2413 1172 2496 aquibus
1200 2411 1347 2479 dominus
1375 2413 1444 2498 glo

294 2513 361 2579 rias
374 2516 636 2598 nuncupabatur?
650 2535 723 2583 oum
738 2517 969 2601 principalibus
982 2518 1062 2598 suis,
1081 2537 1217 2600 quorum
1234 2517 1317 2584 alter
1332 2518 1446 2602 populi

294 2621 481 2688 informator
512 2623 680 2706 aliquando
713 2623 794 2690 alter
823 2625 1012 2691 reformator
1043 2624 1243 2708 quandoque,
1278 2625 1361 2690 alter
1385 2624 1444 2690 ini·
1460 2645 1489 2686 re

293 2727 391 2794 tiator
401 2729 521 2796 ueteris
534 2731 719 2796 testamenti
734 2732 816 2797 alter
828 2734 1067 2798 eonsummatos
1074 2732 1160 2799 noui.
1170 2732 1271 2818 igitur
1279 2731 1444 2808 etPetrus‚

293 2835 444 2901 meritum
458 2836 699 2902 contubernium
715 2835 835 2904 Christi
849 2839 900 2903 sui
914 2855 1102 2923 agnososus,
1112 2837 1444 2922 <m>indiuiduitatem

294 2941 365 3007 eius
379 2943 525 3027 suggerit
540 2943 724 3010 eonsilium:
741 2944 895 3010 bonum
913 2948 977 3011 ost
989 2945 1055 3011 hie
1068 2965 1138 3012 nos
1160 2963 1311 3025 esse‚-
1323 2945 1444 3012 tonum

294 3050 398 3132 plane,
431 3050 487 3115 ubi
516 3049 647 3136 Moyses
676 3053 802 3118 soilioet
829 3055 863 3118 et
883 3053 996 3119 Helias
1020 3090 1063 3102 —
1087 3057 1129 3119 et
1156 3053 1355 3120 laetamus
1377 3055 1445 3121 hia

293 3157 376 3222 tria
399 3157 675 3236 tabernacula,
700 3177 818 3225 unum
840 3159 919 3225 tibi
942 3163 986 3225 et
1006 3160 1136 3244 Moysi
1162 3179 1283 3226 unum
1310 3167 1350 3227 st
1370 3162 1444 3228 He
1460 3175 1489 3219 ¹⁸
1620 3188 1621 3225 1

295 3263 1444 3351 liaeunum.‘sedneseiens‚quiddiceret’quomodonesolsns?

295 3373 442 3435 utrumne
465 3371 603 3456 simplici
627 3390 730 3437 errore
754 3392 792 3438 an
816 3374 948 3454 ratione,
971 3393 1034 3457 qua
1057 3373 1258 3440 defendimus
1283 3373 1318 3438 in
1346 3393 1444 3440 eausa

293 3494 395 3543 nouae
418 3477 604 3561 prophetias
626 3478 747 3562 gratiae
766 3480 913 3560 exstasin,
932 3479 1036 3546 idest
1053 3481 1234 3561 mennam,
1254 3481 1444 3548 conueniret

384 3635 414 3706 4]
434 3635 468 3690 ol.
487 3634 553 3689 Luo.
573 3635 598 3699 9.
617 3635 662 3692 30.
752 3638 778 3707 5]
798 3635 831 3691 of.
850 3635 916 3694 Lue.
935 3638 960 3706 9,
979 3637 1023 3693 31.
1117 3637 1162 3709 20]
1183 3635 1216 3692 of.
1234 3637 1301 3695 Mat
1318 3639 1345 3708 4,
1363 3639 1443 3694 5-6.

295 3723 340 3793 23]
360 3723 425 3779 Luc.
442 3723 469 3792 9,
487 3725 531 3780 83.
586 3726 633 3796 26]
652 3724 686 3780 el.
704 3725 742 3780 ib.

332 3850 462 3906 lisoium
481 3849 520 3904 M
588 3851 761 3905 2ieremiam
779 3849 817 3904 Μ
887 3850 972 3906 daed
990 3854 1019 3906 et
1036 3849 1064 3906 R
1137 3849 1256 3906 losicin
1273 3850 1386 3920 amosi:
1403 3851 1445 3906 sio

294 3943 323 3996 lu
341 3939 414 4002 MR,
432 3939 515 3994 sioein
535 3937 576 3994 ed.
594 3939 687 4008 Miyn.
757 3938 851 3994 habet.
869 3940 910 3994 sio
926 3939 1011 4009 aalys
1072 3939 1104 3995 11
1122 3939 1220 4009 iunget
1236 3939 1274 3992 Μ
1342 3941 1443 4010 iungit.

295 4029 335 4082 sio
353 4027 440 4098 aulon
510 4029 542 4084 12
562 4028 685 4082 exstruit.
704 4027 770 4098 quid
787 4028 873 4098 ualoo
936 4028 971 4083 14
989 4027 1156 4084 ostendisset
1173 4026 1276 4082 uddtds‘
1291 4030 1341 4098 (ef.
1356 4028 1377 4085 t.
1393 4031 1442 4096 16)

298 4119 330 4171 15
350 4116 453 4172 Christi
470 4117 582 4186 arripes':
599 4115 724 4172 Christus
737 4115 802 4172 MR
854 4117 891 4172 22
907 4118 1035 4172 meritum
1046 4117 1119 4186 ΜΒ,
1129 4117 1228 4172 merito
1239 4117 1315 4172 Pon
1374 4119 1445 4188 (in)

295 4203 842 4274 indiuiduitatsmseripsirindiuiduitats
851 4204 923 4274 MR,
932 4204 1197 4275 indiuiduitatiEno
1241 4205 1442 4270 aelianum

295 4307 346 4348 nor
360 4292 405 4348 hio
421 4292 449 4348 R
466 4291 550 4363 melea
587 4292 881 4348 2‘terrorall1iorrar.
937 4311 990 4363 qua
1003 4293 1075 4350 Iao.-
1089 4310 1169 4364 quam
1181 4293 1244 4348 MR
1296 4310 1395 4350 muse
1408 4294 1445 4349 Μ
